3350 5184
736 423 776 434 .-
824 385 955 450 63...

259 585 342 666 (ΧΠ
367 585 430 648 612
446 585 514 666 ss.)3
552 583 639 648 euius
671 585 836 648 arbitrium
866 584 906 647 ad
937 583 1130 646 Graecorum
1167 582 1261 648 duces
1289 583 1429 648 delatum

260 714 327 756 esse
351 692 454 774 (XIII
480 693 512 774 1)
536 693 631 755 etiam
655 691 874 776 compendium
891 698 1017 777 praeter
1041 692 1173 755 alteram
1197 692 1284 755 illam
1308 698 1430 755 senten-

259 800 344 882 tiam,
375 799 491 862 seilicet
519 799 635 862 iudices
664 799 760 861 fuisse
788 798 928 882 captivos
952 797 1114 880 Troianos,
1148 797 1331 882 praebuisse
1362 796 1430 860 bib-

260 905 410 968 liothecae
434 907 570 990 epitoma
593 904 772 967 Sabbaitica
804 904 848 987 (5,
874 906 907 986 6)
930 907 1019 968 testis
1042 912 1097 968 est.
1146 905 1235 978 Quae
1258 911 1364 968 autem
1387 904 1426 967 de

258 1012 364 1076 Aiacis
388 1021 488 1075 morte
512 1020 542 1075 et
565 1011 605 1076 dc
628 1013 714 1095 flore,
745 1012 798 1096 qui
823 1033 864 1074 ex
888 1012 1041 1097 sanguine
1070 1013 1136 1074 eius
1161 1012 1332 1094 emerserit,
1356 1012 1430 1076 Ovi-

259 1118 328 1182 dius
351 1119 450 1182 refert
474 1119 576 1200 (Xlll
607 1120 807 1202 384-399),
833 1118 873 1181 ab
896 1117 1091 1203 Apollodoro
1116 1118 1179 1203 (ep.
1197 1120 1226 1200 5,
1252 1119 1327 1200 (ts.)
1352 1118 1430 1181 adeo

259 1226 446 1310 discrepant,
471 1233 505 1289 ut
528 1248 570 1290 ex
593 1225 654 1288 alio
679 1225 765 1288 fonte
789 1246 826 1287 ea
851 1233 977 1308 sumpta
1000 1247 1068 1288 esse
1091 1232 1235 1310 apertum
1259 1226 1308 1288 sit.

365 1333 461 1397 Redit
483 1338 576 1418 pocta
599 1333 638 1394 ad
668 1333 849 1416 exemplum
877 1356 906 1396 v.
925 1333 989 1395 399
1014 1355 1053 1395 ss.
1079 1332 1253 1417 eodemque
1280 1331 1433 1396 medeae

258 1439 448 1503 bibliotheca
463 1449 580 1521 narrat,
603 1442 666 1501 iam
679 1439 763 1502 bello
780 1441 812 1501 in
826 1437 981 1501 decimum
998 1459 1116 1502 annum
1137 1439 1288 1525 producto
1303 1439 1432 1501 Ulixem

258 1549 457 1610 arcessivisse
481 1547 600 1609 Lemno
614 1547 821 1610 Philoctetem
845 1567 916 1610 curn
932 1545 1080 1608 Herculis
1105 1549 1225 1630 sagittis
1249 1554 1280 1610 et
1303 1546 1430 1609 tandem

260 1653 387 1717 Troiam
410 1654 557 1718 cecidisse
581 1653 781 1736 (399--403,
806 1652 883 1716 bibl.
899 1676 947 1737 ep.
963 1653 1036 1716 Vat.
1054 1655 1083 1735 5,
1109 1655 1152 1736 8).

365 1762 548 1846 Antequam
576 1770 680 1823 autem
709 1760 908 1824 uberioribus
936 1760 1092 1823 coloribus
1116 1761 1311 1845 Polyxenus,
1336 1761 1432 1845 Poly·

259 1872 411 1952 mestoris,
435 1866 615 1931 Hecubae
640 1870 672 1930 in
696 1889 805 1931 canem
828 1867 1072 1930 transformatae
1096 1867 1220 1931 fabulas
1244 1867 1332 1930 Naso
1353 1875 1433 1930 trac·

260 1978 339 2039 tavit
354 1975 567 2057 (trs—575),
592 1977 624 2037 in
641 1973 755 2059 quibus
779 1976 947 2059 praecipue
963 1974 1124 2059 Euripidis
1139 1972 1279 2038 Troades
1295 1995 1366 2038 eum
1386 1995 1433 2036 se-

260 2089 366 2145 cutum
389 2103 456 2145 esse
471 2081 508 2144 G.
526 2081 648 2144 Plaehn
668 2081 813 2165 exposuit
837 2081 870 2161 (l.
888 2081 908 2144 l.
925 2103 956 2165 p.
973 2082 991 2142 6
1007 2081 1056 2164 s),
1080 2102 1180 2166 pauca
1204 2081 1365 2166 praefatus
1387 2086 1434 2143 est

261 2189 299 2252 dc
324 2188 437 2252 Troiae
461 2191 557 2251 exitio
583 2185 829 2272 (loe-411),⁹)
855 2183 973 2246 seilicet
989 2188 1141 2251 Hecubae
1167 2190 1200 2252 in
1216 2188 1432 2251 Chersonneso

260 2301 411 2376 mutatae,
440 2296 558 2358 Priami
588 2296 755 2376 interfecti,
780 2295 976 2358 Cassandrae
1004 2296 1149 2378 violatae,
1178 2295 1387 2358 Troianorum
1415 2317 1434 2357 a

261 2402 389 2465 Graecis
404 2400 621 2485 abductorum,
646 2401 848 2486 Astyanactis
872 2403 964 2464 occisi
979 2404 1170 2465 mentionem
1192 2402 1275 2464 facit.
1300 2401 1348 2465 Ae
1363 2409 1434 2465 sunt
1514 2401 1516 2405 ’

259 2510 400 2594 profecto
425 2509 458 2570 in
481 2509 528 2570 his
546 2530 626 2593 quae
642 2509 821 2591 Vergilium
846 2510 969 2593 sapiant
993 2508 1036 2590 (v.
1053 2508 1187 2571 Ehwald
1202 2508 1243 2570 ad
1266 2509 1341 2591 410,
1357 2510 1432 2591 412,

260 2617 353 2698 413);
378 2637 448 2679 cum
472 2625 576 2678 autem
600 2617 692 2699 plura
716 2616 747 2677 in
771 2614 914 2678 Aeneide
938 2636 1001 2677 non
1023 2623 1314 2698 commemorentur,
1339 2618 1434 2678 etiarn

259 2723 310 2785 hie
333 2723 482 2787 Ovidium
505 2721 725 2806 compendium
753 2723 899 2786 ascivisse
928 2729 1013 2807 puto,
1039 2723 1082 2784 ita
1109 2728 1144 2785 ut
1167 2744 1214 2805 ea,
1245 2743 1325 2808 quae
1349 2723 1433 2807 apud

260 2829 490 2915 Apollodorum
513 2851 561 2913 ep.
576 2831 605 2909 5,
624 2831 754 2891 21—25
779 2835 963 2912 tractantur,
988 2831 1021 2891 in
1043 2849 1160 2913 paucos
1180 2851 1288 2893 versus
1313 2836 1434 2892 eontra-

260 2938 352 2999 xerit.
400 2935 493 3009 Quod
524 2939 548 2996 si
581 2937 687 3016 sumis,
718 2935 797 2997 bene
829 2936 1015 3019 explicatur,
1046 2956 1102 2998 cur
1125 2936 1258 2999 Ovidius
1282 2936 1434 3000 Hecubae

262 3042 402 3106 fabulam
427 3044 488 3106 iam
513 3043 685 3105 sos-407
714 3043 824 3105 leviter
849 3043 996 3127 tetigerit,
1023 3063 1297 3128 quamquameam
1314 3045 1378 3106 418
1393 3065 1433 3106 ss.

261 3150 387 3213 demum
402 3150 528 3212 uberius
544 3151 692 3212 narravit.
731 3149 854 3212 lltenim
869 3150 1002 3213 Ovidius
1021 3152 1114 3213 etiam
1139 3151 1171 3212 iu
1195 3152 1214 3213 l.
1231 3150 1286 3212 Ill
1311 3158 1342 3213 et
1364 3151 1433 3214 Vll

261 3257 369 3320 [nonis
381 3264 411 3320 et
420 3257 630 3338 Athamantis,
641 3256 799 3319 Prooridis
811 3263 842 3318 et
856 3256 989 3340 Cephali
1000 3256 1135 3339 fabulas,
1150 3278 1227 3342 quas
1241 3257 1273 3318 in
1285 3264 1434 3321 contextu

260 3365 475 3427 narrationum
499 3386 540 3426 ex
556 3363 739 3448 compendio
765 3364 987 3426 translatarum
1005 3365 1112 3449 paucis
1130 3363 1327 3448 significavit,
1350 3371 1434 3449 post-

260 3471 352 3534 modo
376 3476 487 3555 poetae
512 3472 642 3533 alicuius
666 3470 786 3533 auxilio
809 3470 959 3533 advocato
976 3472 1129 3533 tractavit.
1155 3471 1203 3533 lle
1227 3471 1434 3534 Memnonis

261 3577 397 3663 denique
421 3576 530 3640 fabula
555 3577 656 3658 (XHl
683 3578 872 3659 otu—(322)
896 3577 954 3639 hoe
978 3582 1099 3639 tantum
1123 3577 1265 3661 proferre
1296 3599 1433 3662 possum,

261 3685 422 3748 Nasonem
446 3706 516 3747 eam
540 3705 664 3768 quoque
689 3685 720 3746 in
744 3684 927 3768 compendio
954 3685 1066 3766 legisse
1091 3684 1145 3763 (cf.
1167 3683 1252 3768 Apd.
1276 3705 1325 3769 ep.
1342 3687 1372 3765 5,
1398 3686 1432 3767 33

262 3790 389 3875 Proel.),
414 3793 482 3855 loco
506 3798 611 3854 autem
636 3812 697 3875 quo
723 3792 784 3876 legi
811 3792 890 3853 solet
913 3802 1067 3853 remotam
1089 3812 1235 3852 narrasse
1259 3791 1431 3854 secundum

261 3896 516 3962 Alexandrinum
540 3900 678 3984 aliquem
702 3907 835 3983 poetam.
848 3896 886 3979 I⁰)

368 4005 415 4068 Ac
438 4027 477 4068 ne
501 4008 631 4070 miretur
656 4007 724 4091 quis
748 4005 899 4069 Ovidium
923 4027 964 4067 ex
984 4004 1235 4068 Antehomeriois
1259 4026 1368 4090 pauca,
1392 4027 1434 4070 ex

261 4111 504 4175 Posthomericis
538 4113 624 4176 haud
659 4115 764 4197 plura,
793 4135 834 4174 ex
866 4111 967 4174 [liade
999 4119 1029 4175 et
1059 4111 1201 4197 Odyssea
1232 4121 1336 4176 autom
1367 4113 1434 4176 iere

369 4269 391 4338 9)
410 4271 441 4322 V.
464 4274 613 4339 404-407,
638 4275 793 4337 409-411,
827 4287 892 4336 quos
915 4270 1028 4323 Ehwald
1052 4273 1079 4322 in
1106 4270 1298 4325 dubitationem
1322 4273 1433 4339 vocavit,

262 4360 381 4415 defendit
401 4376 483 4427 nuper
501 4361 588 4426 Helm,
608 4361 677 4413 Mus.
691 4360 776 4412 Rhen.
790 4362 842 4414 vol.
856 4362 898 4426 56,
918 4378 943 4428 p.
958 4363 1009 4413 358
1023 4375 1042 4413 s

371 4449 402 4520 ¹⁰)
423 4449 455 4505 V.
474 4450 549 4502 Ehw.
569 4450 611 4504 ad.
631 4466 654 4501 v.
676 4451 735 4502 576,
