3350 5184
806 418 1023 480 ..38-

440 635 533 700 ,crgo
558 615 611 678 ubi
636 616 786 679 concessit
809 622 934 700 tempus
957 615 1078 702 puerile
1103 615 1259 699 iuventae,

436 722 554 786 uellera
577 743 647 786 cum
670 723 788 808 Minyis
810 722 909 787 nitido
933 722 1090 787 radiantia
1112 723 1188 788 villo

435 851 492 917 per
515 849 601 893 mare
615 851 678 894 non
694 838 803 893 notum
816 832 919 916 prima
932 832 1052 916 petiere
1066 833 1172 896 carina
1197 831 1275 911 (soil.
1291 831 1497 915 Borcades).“

328 939 399 1002 Hac
422 937 711 1021 coniungendarum
736 937 917 1001 fabularum
941 939 1062 1002 ratione
1087 938 1204 1002 factum
1228 945 1284 1023 est,
1309 946 1344 1002 ut
1368 939 1500 1005 Ovidius

327 1045 431 1110 medio
455 1045 657 1130 Argonautas
681 1045 714 1108 in
737 1066 830 1109 cursu
854 1045 1016 1110 induceret
1037 1044 1106 1110 VII
1132 1046 1165 1110 1:

439 1153 592 1238 ,Jamque
639 1153 755 1215 fretum
797 1151 926 1238 Minyae
965 1153 1128 1237 Pagasaea
1173 1175 1279 1240 puppo
1320 1154 1497 1237 secabant,“

326 1281 429 1346 neque
453 1261 621 1346 quicquam
645 1260 684 1323 de
712 1258 833 1323 itineris
862 1260 985 1323 casibus
1008 1268 1275 1345 commemoraret,
1300 1262 1360 1325 nisi
1383 1262 1500 1325 Borea-

328 1368 403 1431 dum
426 1373 534 1430 eontra
557 1368 718 1452 Harpyias
743 1388 881 1452 pugnam
905 1367 948 1447 (v.
970 1369 990 1430 3
1014 1368 1062 1450 s).
1087 1368 1224 1454 Reliqua
1246 1368 1324 1432 haec
1347 1370 1380 1432 in
1403 1369 1502 1434 verba

327 1476 494 1539 coartavit:
523 1475 703 1559 ,multaque
726 1474 886 1558 perpessi“
914 1474 956 1555 (r.
974 1475 1017 1556 5).

435 1582 606 1645 Celerrime
634 1580 707 1644 inde
735 1580 890 1666 precedit:
919 1580 1007 1665 Argo
1032 1583 1122 1645 nauis
1146 1585 1178 1645 in
1201 1581 1372 1646 Phasidern
1395 1586 1500 1667 intrat,

327 1689 532 1774 Argonautae
557 1689 657 1752 vellus
682 1707 813 1750 aureum
837 1686 877 1750 ab
893 1685 995 1751 Aeeta
1018 1690 1188 1772 postulant,
1213 1689 1265 1774 qui
1291 1691 1328 1753 iis
1352 1691 1500 1775 gravissi·

327 1818 394 1860 mas
409 1795 605 1860 condiciones
621 1795 754 1880 imponit
769 1794 894 1877 (6-8).
919 1794 1034 1858 Medea
1047 1801 1152 1858 autem
1166 1816 1271 1859 amore
1287 1796 1393 1860 herois
1409 1806 1501 1883 capta

327 1904 435 1968 Iasoni
462 1903 616 1967 auxilium
641 1902 712 1985 fert,
744 1904 796 1988 qui
828 1900 948 1965 artibus
978 1904 1108 1987 magicis
1138 1910 1245 1967 tauros
1276 1903 1391 1988 domat,
1417 1905 1500 1970 viros

326 2011 500 2095 terrigenas
524 2011 630 2093 vincit,
654 2010 755 2072 vellus
780 2029 911 2072 aureum
934 2012 1025 2095 rapit,
1050 2030 1120 2073 cum
1139 2010 1271 2096 coniuge
1288 2011 1320 2075 in
1335 2011 1500 2074 Graeciam

326 2118 457 2182 revertit
481 2115 563 2198 (VH
588 2116 742 2199 9—158).
1344 2113 1346 2117 ’

434 2225 524 2287 Haec
547 2226 651 2288 omnia
676 2222 715 2287 ab
738 2223 936 2308 Apollodoro
960 2225 1072 2288 eodem
1100 2226 1167 2288 fere
1190 2224 1284 2288 modo
1308 2224 1498 2290 referuntur.

326 2334 438 2396 Restat
461 2337 566 2395 tamen
590 2337 624 2394 ut
653 2352 857 2416 quaeramus,
880 2351 956 2395 num
990 2331 1122 2395 Ovidius
1146 2354 1187 2396 ex
1210 2331 1372 2418 Apollonii
1396 2332 1499 2418 Argo-

327 2442 469 2522 nauticis,
495 2461 536 2501 ex
567 2438 680 2524 quibus
711 2459 792 2524 quae
821 2437 1012 2501 bibliotheca
1044 2438 1083 2502 de
1114 2439 1225 2502 iisdem
1254 2438 1349 2503 rebus
1380 2440 1501 2526 profert

327 2549 456 2611 duxissa
480 2551 725 2609 consentaneum
748 2551 805 2629 est,
833 2545 1021 2609 narrationis
1053 2547 1171 2631 aliquot
1195 2548 1314 2609 lumina
1341 2549 1497 2632 petiverit.

433 2653 595 2739 Apollonii
618 2653 905 2737 Argonauticorum
930 2655 1117 2717 imitationes
1141 2660 1269 2739 apertae
1295 2656 1499 2719 inveniuntur

328 2764 369 2825 74
390 2784 442 2844 ss,
471 2760 526 2823 ubi
549 2760 696 2824 Medeam
720 2761 752 2824 in
775 2760 917 2824 Hecatae
941 2761 1059 2847 templo
1082 2782 1152 2823 cum
1178 2760 1291 2824 Iasone
1315 2763 1499 2825 collocutanr

325 2866 441 2932 herbas
463 2867 601 2953 magicas
626 2870 652 2930 ei
678 2866 846 2931 tradidisse
870 2867 1042 2932 secundum
1064 2866 1227 2930 Rhodium
1250 2867 1342 2953 (Arg.
1359 2867 1414 2931 ΙΙΙ
1435 2870 1497 2933 802

327 2975 382 3057 ss.)
405 2983 561 3039 narratur.
601 2975 726 3059 Pugnat
750 2981 855 3037 autem
879 2973 1011 3038 Ovidius
1035 2976 1068 3036 in
1091 2996 1127 3037 eo
1151 2981 1259 3037 contra
1282 2975 1498 3058 Apollonium,

327 3081 411 3169 quod
447 3081 594 3145 Medeam
631 3082 792 3145 fortuito
830 3081 977 3144 Iasonem
1015 3080 1132 3144 vidisse
1172 3080 1260 3163 dicit,
1300 3084 1426 3164 etenim,
1466 3089 1499 3144 ut

326 3190 459 3252 amantis
492 3189 588 3252 animi
621 3189 853 3251 fluctuationem
887 3187 1081 3272 depingeret,
1119 3189 1220 3273 primo
1255 3210 1324 3251 eam
1361 3208 1499 3252 amorem

325 3297 499 3360 coercuisse
513 3297 557 3377 (r.
575 3297 616 3358 72
632 3295 682 3377 s),
706 3301 771 3357 tum
796 3295 899 3357 subito
917 3295 1076 3357 flammam
1099 3315 1207 3357 rursus
1224 3298 1379 3359 exarsisse
1398 3295 1497 3380 fingit,

326 3425 396 3468 cum
416 3403 522 3466 Iasoni
546 3403 602 3465 illa
625 3422 698 3465 casu
721 3401 848 3466 obviam
872 3401 957 3464 facta
979 3408 1060 3465 esset
1083 3401 1138 3482 (76
1156 3402 1204 3483 a).
1242 3402 1430 3466 Manifestus
1453 3410 1499 3466 est

326 3510 458 3575 Ovidius
482 3511 663 3595 exemplum
688 3530 778 3571 suum
803 3511 938 3572 varians.
965 3508 1048 3572 Nam
1071 3530 1181 3572 revera
1197 3530 1269 3571 cum
1283 3509 1323 3572 ad
1337 3509 1498 3595 Apollonii

258 3669 260 3672 .
326 3619 540 3682 narrationem
563 3618 717 3703 respicere
734 3637 776 3678 ex
791 3639 821 3680 r.
839 3617 880 3678 98
898 3638 920 3678 s.
937 3614 1042 3701 colligi
1058 3622 1170 3701 potest,
1194 3615 1247 3678 ubi
1264 3615 1388 3699 Medea,
1413 3618 1499 3680 velut

325 3726 365 3790 ad
389 3727 592 3788 constitutum
615 3725 746 3806 uenerit,
771 3742 895 3788 venena
918 3743 1024 3786 secum
1046 3722 1150 3786 habet.

433 3831 538 3918 Ipsius
554 3830 660 3894 Ovidii
685 3837 756 3893 sunt
770 3829 903 3893 Medeae
927 3831 1023 3893 animi
1047 3828 1310 3915 perturbationes,
1330 3829 1499 3913 dequibus

325 3939 411 4026 apud
426 3938 632 4023 Apollonium
648 3937 736 4001 nihil.
760 3937 978 4022 Epistularum
993 3958 1069 4001 uero
1086 3944 1116 3999 et
1130 3935 1352 4000 celeberrimae
1367 3936 1498 4000 Medeae

325 4045 506 4132 tragoediae
530 4053 689 4108 auctorem
711 4046 806 4107 etiam
826 4045 858 4106 in
872 4042 1177 4129 Metamorphosibns
1201 4045 1303 4107 solere
1327 4046 1498 4107 amantium

325 4176 396 4241 spes
421 4160 451 4216 et
474 4173 564 4216 curas
589 4151 760 4237 depingere
788 4171 1002 4236 personasque
1031 4172 1134 4214 secum
1165 4151 1328 4234 loquentes
1352 4150 1498 4214 inducero

324 4262 473 4346 exempla
503 4259 616 4324 docent
638 4258 764 4343 Scyllae
788 4256 890 4339 (VIII
914 4258 957 4320 44
981 4258 1046 4341 ss),
1085 4255 1232 4343 Byblidis
1255 4257 1321 4339 (IX
1345 4258 1409 4319 474
1433 4260 1498 4340 ss),

324 4367 448 4454 Iphidis
462 4366 529 4449 (IX
545 4367 608 4430 726
626 4365 691 4448 ss),
715 4361 867 4450 Myrrhae
882 4364 928 4445 (X
943 4365 1006 4427 320
1021 4365 1086 4448 ss),
1110 4364 1281 4427 Atalantae
1297 4364 1343 4445 (X
1356 4364 1420 4428 600
1433 4366 1497 4447 ss).

433 4474 556 4545 Similia
586 4455 691 4542 autem
721 4473 802 4536 inter
830 4471 1036 4562 Apollonium
1065 4479 1097 4534 et
1125 4470 1274 4534 Ovidium
1306 4471 1383 4536 haec
1416 4478 1497 4558 sunt,
