3350 5184
661 410 883 478 ——29⁴

290 609 432 674 Artificia
466 618 571 674 auteur
608 612 883 696 intentionesque,
923 634 1001 697 quas
1038 611 1189 676 Ovidium
1230 608 1271 674 ad
1304 631 1359 674 ex·

183 719 339 782 ornandas
364 719 488 781 fabulas
504 725 663 804 promptas
679 728 772 803 atque
795 721 826 780 in
843 719 991 804 expedito
1007 719 1154 782 habuisse
1171 719 1357 781 sumendum

183 833 240 908 est,
270 826 431 911 praeclare
466 826 612 888 discimus
645 847 687 888 ex
717 825 950 889 narrationibus
981 826 1020 889 de
1050 825 1188 910 Europa,
1223 826 1359 905 Semela,

187 934 358 1014 Actaeone,
383 932 502 995 Cadmo
527 943 557 995 et
581 933 768 996 Harmonia.

290 1038 397 1104 Ovidii
421 1040 460 1102 de
484 1039 635 1125 Europa
660 1038 801 1103 fabulam
826 1041 875 1122 (ll
900 1041 1089 1121 833-875)
1115 1042 1140 1101 si
1165 1042 1234 1124 quis
1257 1043 1359 1125 perle-

184 1148 274 1231 gerit,
303 1147 492 1210 narrat-ionis
517 1149 636 1209 colores
664 1147 750 1211 haud
774 1148 982 1232 aequabiliter
1006 1147 1173 1232 dispositos
1196 1169 1264 1209 esse
1287 1168 1360 1210 eum

184 1274 247 1316 non
271 1253 412 1339 effugiet.
443 1253 611 1316 Uberrima
636 1256 717 1316 enim
743 1254 888 1338 depinxit
911 1262 1005 1339 poeta
1029 1256 1110 1318 tauri
1135 1257 1270 1338 speciem
1293 1276 1358 1317 mo-

184 1383 307 1446 resque,
332 1361 456 1445 reliqua
481 1361 618 1424 breviter
643 1365 791 1425 narravit.
822 1361 936 1446 Neque
960 1363 1110 1445 neglegas
1128 1361 1289 1446 Europam
1313 1383 1360 1423 re-

184 1471 268 1550 giam
293 1469 448 1553 virginem
472 1468 554 1530 haud
577 1489 638 1552 qno
656 1468 792 1530 debebat
809 1483 964 1551 apparatu
981 1490 1053 1530 eum
1073 1468 1241 1530 lectoribus
1256 1477 1358 1531 osten·

186 1575 278 1657 disse,
304 1573 359 1637 sed
382 1583 511 1660 repente
537 1575 699 1638 induxisse
724 1599 753 1638 r.
771 1577 834 1637 668
861 1590 984 1638 taurum
1009 1575 1226 1638 admirantem.
1267 1575 1360 1647 Quod

185 1703 222 1744 eo
246 1681 414 1744 notabilius
439 1689 495 1759 est,
522 1682 606 1765 qnod
621 1685 653 1744 in
678 1683 836 1744 simillima
861 1682 1116 1766 del'ersephona
1143 1690 1232 1768 rapta
1253 1683 1361 1746 fabula

186 1799 216 1851 et
240 1789 376 1872 regionis
405 1791 624 1851 amoenitatem
649 1795 679 1851 et
709 1791 809 1872 ipsam
839 1789 930 1851 deam
959 1810 1028 1852 eum
1052 1790 1237 1873 aequalibus
1269 1790 1361 1851 flores

185 1896 341 1978 legentem
367 1895 449 1958 belle
474 1895 627 1979 depinxit.

293 2002 387 2064 Hanc
410 2023 476 2065 rem
499 2012 534 2064 ut
556 2004 668 2065 melius
700 2004 871 2088 perspicias
900 2004 1031 2085 intuere,
1064 2003 1219 2088 quomodo
1251 2011 1362 2088 poetae

187 2109 329 2173 fabulam
375 2111 533 2173 illustrare
573 2111 656 2173 soliti
695 2112 775 2190 sint3
822 2113 940 2174 etenim
978 2111 1035 2174 has
1081 2113 1276 2196 potissimum
1311 2132 1361 2173 res

184 2205 357 2280 exornant:
404 2216 565 2301 Europam
600 2218 716 2280 scilicet
749 2224 780 2280 et
811 2219 939 2280 comites
970 2219 1003 2281 in
1035 2220 1125 2282 litore
1165 2218 1361 2280 ambulantes

187 2333 217 2386 et
241 2325 332 2386 flores
356 2321 525 2408 carpentes}
548 2323 680 2404 (Moseh.
709 2325 786 2387 id.l
812 2325 854 2386 28
877 2347 929 2407 ss,
954 2326 996 2386 64
1019 2327 1085 2407 ss),
1117 2326 1198 2388 tauri
1228 2327 1363 2410 speciem

187 2451 371 2515 morumque
399 2430 597 2493 dnlcedinem
625 2439 656 2494 et
679 2433 866 2495 suavitatem
896 2432 1064 2512 (11000111.
1084 2433 1232 2513 t.toss.;
1256 2432 1361 2494 Noun.

187 2538 318 2622 Dionys.
337 2539 410 2602 146
430 2539 494 2618 ss),
519 2538 681 2621 Europam
705 2541 737 2600 in
753 2541 832 2600 tauri
859 2548 947 2622 tergo
972 2538 1132 2602 sedentem
1155 2538 1285 2620 (Mosch.
1304 2540 1322 2601 l.
1342 2541 1361 2601 l.

191 2646 252 2706 125
273 2645 337 2725 sa),
362 2645 516 2708 Nereides
541 2655 572 2707 et
595 2645 740 2708 Tritones
766 2647 915 2708 vectionis
939 2653 1128 2730 spectatores
1154 2645 1285 2726 (Mescb.
1305 2647 1323 2708 l.
1343 2646 1361 2708 Ι.

191 2753 252 2814 113
269 2773 325 2832 ss.;
352 2752 455 2815 Nonn.
471 2754 489 2814 l.
508 2754 525 2814 l.
543 2753 584 2814 60
603 2753 667 2835 ss),
697 2752 844 2836 Europae
869 2759 977 2837 raptae
1002 2761 1129 2838 questus
1154 2752 1285 2833 (llosch.
1303 2755 1322 2815 l.
1341 2755 1360 2816 l.

192 2859 252 2920 135
274 2881 329 2941 ss3
354 2859 459 2922 Noun.
478 2860 496 2921 l.
515 2861 533 2921 l.
552 2861 613 2923 126
635 2860 699 2940 ss).

295 2964 390 3050 Ergo,
428 2986 499 3028 curn
535 2966 666 3029 Ovidius
700 2988 795 3028 unam
828 2974 949 3030 tantum
982 2989 1049 3028 rem
1080 2967 1239 3030 simillimo
1270 2966 1363 3030 modo

189 3079 282 3157 atque
306 3073 517 3135 Alexandrini
549 3077 737 3155 tractaverit,
769 3074 892 3159 reliqua
920 3079 1026 3137 autem
1054 3076 1184 3137 strictim
1212 3075 1362 3157 attigerit,

189 3200 261 3242 eum
280 3201 342 3242 non
364 3201 489 3243 carmen
514 3180 642 3265 aliquod
667 3181 817 3243 imitando
836 3182 1030 3265 expressisse
1042 3179 1079 3262 14)
1097 3181 1151 3244 sed
1168 3182 1363 3244 notissimam

190 3287 340 3371 fabulam,
366 3288 467 3372 qualis
493 3289 523 3350 in
547 3288 731 3372 compendio
756 3289 931 3370 exsisteret,
956 3288 1112 3351 coloribus
1138 3291 1185 3352 rel
1204 3291 1361 3372 exipsius

189 3396 314 3477 ingenio
340 3396 387 3456 vrri
413 3393 541 3456 aliunde
565 3396 670 3478 petitis
695 3415 865 3457 exornasse
889 3395 1136 3460 concludendum
1161 3402 1215 3458 est.

296 3501 523 3564 Actaeonem
554 3502 706 3564 insontem
723 3500 759 3583 15)
789 3512 887 3564 morte
918 3502 1083 3565 multatum
1112 3524 1179 3564 esse
1204 3525 1222 3565 a
1246 3504 1362 3587 lliana,

191 3689 236 3741 tq?
255 3679 406 3743 ἀναιρέσεως
430 3686 481 3727 ron
507 3680 694 3741 decimatos*
733 3681 814 3731 Marti
838 3681 925 3731 servit.
951 3680 1116 3731 SchOIiaStae
1141 3686 1229 3732 aulem
1254 3683 1363 3744 ἱστορίαν

190 3784 223 3818 ex
247 3766 339 3820 eodem
363 3766 517 3834 compendio
542 3766 649 3819 fluxisse
674 3774 753 3834 atque
773 3767 929 3835 Apollodori
951 3769 1126 3821 narrationem
1145 3771 1236 3820 statuit
1256 3770 1364 3833 Panzer,

191 3855 223 3908 de
237 3855 427 3924 mythographo
442 3856 583 3909 Homerico
597 3856 768 3921 restituendo,
788 3856 850 3909 diss.
871 3857 1016 3924 Grypbisw.
1039 3861 1115 3921 1892,
1135 3875 1161 3924 p.
1182 3862 1224 3909 55.

300 3945 330 4009 14)
351 3945 449 3998 Statuit
468 3947 545 3998 etiarn
567 3946 698 4013 Vollgrati'
714 3947 742 4013 (l.
762 3947 779 3997 l.
799 3963 823 4013 p.
839 3950 885 4013 62)
905 3945 1027 3998 Ovidium
1046 3947 1148 3999 Moschi
1167 3948 1292 4015 epyllium
1306 3949 1363 3998 imi·

190 4041 274 4102 tatum
295 4050 345 4086 non
365 4051 420 4087 esse
441 4036 563 4088 nisinun
583 4036 649 4088 loco.
687 4036 807 4088 Imitatus
826 4052 888 4088 vero
908 4047 946 4088 est
967 4036 1037 4088 Fast.
1053 4037 1075 4088 V
1096 4038 1147 4088 6117
1166 4052 1198 4088 ss.

301 4124 331 4191 15)
350 4126 448 4176 Mirum
467 4133 593 4191 quantum
604 4125 712 4178 Ovidius
732 4125 833 4177 studuit
846 4127 1006 4178 Actaeonem
1024 4127 1108 4178 orariis
1121 4127 1215 4193 culpae
1229 4126 1363 4178 alrsolvere

191 4223 217 4265 et
239 4213 273 4266 ad
297 4211 429 4266 fortunam
449 4229 553 4266 causam
573 4213 726 4281 transferre3
747 4213 844 4266 still
866 4231 895 4280 s,
917 4218 967 4266 175
992 4230 1012 4266 s.
1051 4217 1138 4282 Atque
1158 4215 1234 4267 audis
1254 4213 1363 4266 fortasse

192 4319 225 4355 ex
244 4304 285 4355 liis
305 4302 427 4354 ovidium
447 4311 606 4370 pugnantem
631 4310 722 4356 centra
740 4305 904 4369 antiquiores
924 4302 1028 4356 fabulae
1047 4311 1128 4356 testes
1147 4304 1180 4356 ab
1199 4301 1363 4369 Apollodoro

191 4393 294 4458 allatos,
313 4393 467 4444 Acusilaum
487 4393 599 4458 stallos,
619 4394 663 4457 qni
684 4391 715 4444 de
735 4394 813 4460 culpa
826 4395 969 4446 Actaeonis
981 4394 1071 4458 aliqua
1084 4394 1226 4446 variantur.
1246 4390 1363 4455 Quorum

191 4483 335 4534 sententias
354 4480 562 4534 commodissime
583 4481 691 4534 Ovidius
711 4499 744 4534 ex
763 4481 920 4551 compendio
939 4497 1096 4549 cognoscere
1115 4481 1209 4550 potuit.
