3350 5184
775 424 972 489 „q-a

287 639 359 684 cum
381 620 557 706 ingressum
581 643 648 686 esse
672 643 727 708 per
743 645 775 686 sc
800 624 951 709 intellegi,
974 625 1034 688 hoc
1052 632 1086 687 ut
1107 632 1213 687 teneas
1235 644 1360 710 quaese,
1386 644 1459 688 con·

286 733 400 790 tractas
431 727 557 814 quidem
587 729 643 793 sed
673 730 799 792 easdem
827 752 877 793 res
905 731 1077 816 eodemque
1107 731 1217 795 ordine
1246 731 1394 795 Ovidium
1422 752 1460 794 ac

286 833 449 899 Maronem
473 837 628 923 proferre.

394 941 483 1016 Quae
506 951 612 1010 autem
635 965 676 1006 ex
700 943 843 1008 Aeneide
871 944 911 1008 ad
939 966 1032 1008 usum
1060 966 1152 1008 suum
1176 943 1309 1008 Ovidius
1337 944 1459 1008 confor-

286 1049 383 1112 mavit
407 1049 532 1114 assidue
555 1051 828 1136 interrumpuntur
846 1052 962 1115 fabulis
979 1053 1018 1116 ab
1033 1050 1177 1116 Aeneide
1202 1052 1324 1134 alicnis,
1348 1073 1384 1114 ac
1402 1053 1459 1114 rni-

286 1177 356 1219 rum
380 1164 531 1243 quantum
555 1161 630 1221 artis
654 1157 694 1221 ad
718 1158 918 1222 exornandas
941 1180 994 1222 eas
1019 1162 1151 1222 insertas
1166 1161 1342 1242 contulerit,
1366 1160 1411 1221 ita
1426 1164 1460 1222 ut

286 1262 415 1326 Aeneae
437 1285 488 1328 res
517 1269 605 1352 quasi
638 1264 844 1328 fundamenta
866 1266 1101 1330 narrationibus
1124 1268 1187 1329 illis
1211 1268 1365 1352 copiosius
1389 1266 1459 1328 illu·

286 1371 390 1434 stratis
414 1373 571 1438 subiectae
596 1375 666 1436 sint.

391 1477 463 1542 Jam
488 1499 563 1543 vero
587 1483 750 1566 utriusque
774 1488 886 1564 poetae
909 1481 1007 1554 verba
1030 1482 1205 1544 accuratius
1229 1501 1457 1565 comparemus,

223 1596 225 1602 '
285 1585 402 1648 seilicet
420 1608 482 1671 qua
498 1588 618 1651 rationo
635 1595 853 1672 quatenusque
869 1587 1002 1651 Ovidius
1026 1589 1207 1672 exemplum
1228 1609 1319 1650 suum
1335 1595 1459 1650 secutus

286 1693 326 1754 sit
353 1699 536 1776 statuemur,
570 1694 647 1778 quid
677 1695 826 1775 omiserit,
861 1695 937 1778 quid
966 1695 1141 1776 retinuerit,
1175 1693 1250 1780 quid
1279 1696 1458 1777 mutaverit,

286 1798 361 1883 quid
387 1799 426 1864 de
443 1789 505 1864 ¹suo
529 1803 705 1866 inseruerit.

392 1907 498 1993 Atque
521 1909 579 1971 hoc
608 1909 815 1994 praemittam,
840 1909 1020 1992 Vergilium
1047 1909 1175 1994 quidem
1203 1909 1459 1993 compositionem

287 2017 329 2077 ita
352 2014 534 2096 instituisse,
563 2022 599 2077 ut
626 2016 659 2077 in
686 2015 748 2078 fine
778 2016 799 2079 l.
824 2015 842 2078 I
871 2024 1054 2100 exponeret,
1088 2015 1243 2102 quomodo
1271 2016 1398 2079 Aeneas
1427 2017 1459 2076 in

285 2120 388 2184 medio
412 2143 431 2185 a
455 2121 563 2185 Sicilia
586 2124 619 2184 in
642 2122 769 2185 Italiam
797 2143 891 2185 cursu
919 2130 1104 2208 tempestate
1135 2143 1302 2207 oppressus
1327 2121 1458 2185 Cartha·

261 2222 263 2224 ’
285 2231 390 2313 ginom
414 2229 535 2293 delatus
552 2238 643 2313 esset,
668 2231 700 2293 in
718 2230 737 2292 l.
755 2229 791 2291 II
807 2237 912 2292 autem
925 2229 1067 2292 Aeneam
1083 2230 1197 2292 Troiae
1210 2229 1368 2292 excidium
1384 2229 1458 2314 ipsi-

285 2357 383 2422 usque
408 2336 517 2420 fugam
532 2337 648 2400 Didoni
674 2345 854 2400 narrantem
878 2337 1048 2417 induceret,
1073 2343 1181 2400 contra
1196 2335 1345 2400 Ovidium
1363 2335 1457 2399 libro·

284 2463 353 2504 rum
373 2441 526 2506 Aeneidis
546 2445 626 2506 serie
645 2443 797 2507 dissoluta
816 2443 986 2506 secundum
1007 2445 1155 2528 temporis
1172 2442 1314 2506 ordinem
1329 2442 1458 2506 Aeneae

285 2570 326 2612 ex
342 2548 420 2612 urbe
431 2549 525 2613 Troia
542 2550 651 2635 fugam
666 2551 884 2635 praevertisse,
894 2553 932 2612 iis
947 2571 1027 2636 quae
1038 2550 1230 2635 Carthagine
1245 2550 1329 2612 sacta
1345 2554 1456 2612 essent.

285 2654 373 2728 Quae
398 2663 503 2719 autem
527 2659 559 2720 in
584 2657 655 2721 1.ss
679 2657 830 2720 Aeneidis
860 2657 899 2720 dc
922 2657 1018 2720 Troia
1048 2664 1140 2741 capta
1170 2658 1302 2742 legimus
1326 2655 1457 2746 Ovidius

284 2763 398 2846 omisit,
422 2784 493 2826 cum
516 2765 579 2826 iam
602 2763 691 2828 XIII
716 2765 780 2826 403
805 2785 845 2827 ss.
869 2764 1040 2828 honorem
1064 2764 1255 2849 protulisset.

390 2870 601 2934 Proficiscitur
625 2873 721 2955 igitur
744 2872 884 2934 narratio
908 2879 980 2934 met.
999 2870 1088 2934 XIII
1105 2869 1176 2934 624'
1194 2872 1233 2934 ab
1253 2871 1364 2934 Aenea
1386 2891 1456 2934 cum

283 2977 423 3040 Anchisa
454 2989 485 3040 et
514 2978 651 3042 Ascanio
683 2979 833 3064 profugo,
868 2978 982 3063 quibus
1017 2977 1207 3063 respondent
1237 2975 1389 3040 Aeneidis
1420 2978 1456 3040 II

285 3085 476 3147 634-804:
497 3082 520 3166 1)

447 3211 554 3273 „sacra
577 3200 617 3275 et,
642 3213 731 3256 sacra
754 3194 863 3276 altera,
887 3201 1010 3277 patrem
1059 3213 1064 3220 ·

444 3298 506 3361 fert
528 3300 654 3383 umeris,
679 3300 860 3364 venerabile
884 3321 972 3381 onus,
998 3300 1186 3385 Cythereius
1210 3299 1312 3362 heros.

443 3405 483 3468 de
506 3409 601 3470 tantis
624 3407 737 3492 opibus
760 3405 912 3491 praedam
936 3409 1006 3491 pius
1030 3408 1126 3491 elegit
1150 3406 1238 3468 illam

443 3512 678 3598 Ascaniumque
702 3515 822 3577 suum.“
925 3551 927 3555 ·

390 3619 519 3683 Troiani
535 3619 649 3684 deinde
668 3642 738 3683 cum
758 3621 857 3683 classe
871 3620 1038 3683 Antandro
1054 3620 1125 3702 (Or.
1141 3622 1222 3703 6283
1239 3620 1338 3704 Verg.
1352 3619 1407 3684 ΠΙ
1422 3619 1455 3700 6)

283 3728 415 3813 profecti
440 3726 512 3809 (Ov.
531 3728 593 3790 627
611 3750 666 3812 ss,
691 3728 789 3813 Verg.
805 3728 861 3791 III
888 3730 1011 3811 1-123
1036 3729 1077 3791 cf.
1101 3729 1253 3814 imprimis
1277 3726 1336 3792 (lv.
1352 3728 1413 3790 627
1430 3748 1454 3788 s.

283 3856 353 3898 oum
376 3833 474 3917 Verg.
495 3835 532 3896 ll
551 3835 591 3916 s.)
613 3837 750 3919 primum
775 3836 902 3921 quidem
926 3838 958 3897 in
982 3835 1148 3899 Thraciam
1171 3835 1359 3919 perveniunt
1383 3833 1454 3915 (Or.

284 3943 347 4004 628
372 3963 411 4025 s.;
439 3941 538 4026 Verg.
564 3943 716 4025 13—68),
741 3963 836 4026 quam
856 3943 1008 4028 Polydori
1028 3943 1195 4005 simulacro
1216 3944 1360 4005 commoti
1382 3963 1457 4005 mox

283 4051 466 4134 relinquunt
490 4047 561 4131 (Ov.
577 4049 659 4133 6293
683 4050 781 4133 Verg.
803 4053 842 4114 19
859 4072 910 4130 sa,
936 4053 977 4134 28
995 4050 1044 4131 s).

392 4227 412 4295 1)
431 4229 517 4280 Locos
531 4227 705 4295 Vergilianus,
725 4229 819 4295 quibus
831 4226 918 4281 Ovidii
937 4243 1028 4280 versus
1046 4225 1216 4294 respondent,
1236 4226 1377 4294 diligenter
1395 4240 1456 4276 con-

282 4318 363 4383 gessit
381 4314 467 4369 editor
485 4317 516 4369 R.
531 4316 644 4369 Ehwald
663 4321 689 4368 in
709 4324 797 4370 annot.
811 4316 846 4369 od
866 4319 881 4369 l.
896 4316 970 4382 XIII,
989 4333 1012 4367 v.
1027 4319 1078 4368 623
1092 4332 1125 4368 ss.
1146 4317 1208 4384 (Die
1223 4314 1455 4381 Metamorphoses

283 4404 329 4458 des
348 4401 502 4458 P.'Ovidius
520 4407 601 4472 Naso,
627 4409 732 4459 zweitcr
753 4406 835 4473 Band,
863 4407 937 4458 Buch
957 4405 1122 4472 vul-xm
1152 4408 1241 4458 Berlin
1263 4407 1339 4468 1898,
1365 4401 1456 4455 Weid-

283 4495 435 4549 mann’schc
457 4495 690 4564 Buchhaudlung.)
1479 4520 1482 4522 v
