3350 5184
748 413 968 475 ..59-

324 609 422 676 Apollo
436 613 463 661 et
475 609 624 678 Neptunus
644 615 783 678 postquam
797 610 904 663 Troiam
917 607 1054 661 moenibus
1067 609 1215 674 cinxerunt,
1234 623 1251 661 a
1263 606 1442 662 Laomedonte

274 755 276 760 ,
323 700 408 766 pretio
428 697 590 752 fraudantur.
620 700 735 752 Hesione
749 706 867 752 monstro
884 700 986 751 marino
999 698 1086 751 oblata
1106 704 1133 749 et
1150 697 1184 750 ab
1197 698 1312 750 Hercule
1332 697 1442 751 liberata

324 788 462 841 Telamoni
482 806 548 843 trxor
566 789 643 842 datur
664 792 811 842 199-217.

430 880 526 933 Peleus
544 879 685 933 Thetidem
704 881 784 932 vincit
803 885 829 932 et
849 896 957 932 uxorem
976 877 1049 930 ducit
1067 879 1216 943 ars-265,

430 967 463 1021 ob
482 967 566 1022 Phoci
586 986 677 1022 necem
696 971 799 1036 Aegina
818 970 961 1036 expellitur
979 971 1031 1020 268
1050 983 1070 1019 s.

483 1057 655 1111 Daedalionis
678 1064 703 1110 et
723 1058 842 1112 Cbionae
862 1057 951 1110 fabula
970 1057 998 1123 (a
1016 1058 1102 1125 Ceyce
1121 1056 1238 1123 narrata)
1257 1059 1406 1110 aar-345.

483 1148 556 1200 Pelei
576 1153 695 1200 armenta
714 1153 740 1200 et
759 1148 839 1215 lupus
858 1148 1007 1200 sto-roe.

483 1238 554 1306 Ceyx
574 1244 600 1289 et
618 1236 756 1306 Halcyone
776 1241 925 1290 tro-ms.

323 1327 440 1379 Aesactm
459 1328 557 1379 Priami
576 1325 647 1380 filius
666 1329 692 1379 in
713 1342 830 1394 mergum
848 1342 923 1378 avem
943 1334 1060 1377 mutatur
1080 1327 1228 1378 749--795,

376 1435 580 1500 Daedalionis
611 1437 707 1520 igitur
737 1436 940 1520 Chionaeque
975 1443 1006 1498 et
1040 1436 1105 1520 lupi
1142 1436 1174 1496 in
1203 1455 1315 1498 saxum
1343 1448 1442 1497 trans-

270 1543 394 1607 formati
420 1551 460 1624 et,
486 1546 771 1629 quampraecipue
795 1543 950 1606 coloribus
975 1544 1150 1622 exornavit,
1176 1544 1287 1626 Ceycis
1304 1541 1443 1627 Halcyo-

269 1671 391 1736 naeque
422 1650 563 1713 fabulam
593 1653 755 1714 coniunxit
784 1650 917 1714 Ovidius
940 1671 1010 1712 cum
1034 1651 1164 1734 antiqua
1188 1651 1243 1712 illa
1267 1649 1376 1713 fabula
1404 1650 1442 1712 de

270 1758 380 1839 Peloo;
403 1757 461 1820 has
486 1777 593 1820 omnes
624 1757 759 1842 deniquo
788 1759 913 1820 inclusit
941 1758 989 1839 iis,
1019 1778 1100 1841 quae
1129 1779 1170 1819 ex
1193 1757 1443 1820 Antebomerieis

270 1865 310 1927 ad
333 1886 424 1928 usum
448 1886 538 1927 suum
562 1849 779 1930 conformavit.
828 1865 991 1938 Quomodo
1016 1871 1121 1927 autem
1146 1863 1184 1926 de
1208 1864 1303 1927 Troia
1327 1864 1441 1927 Hesio-

269 1993 372 2056 naquo
402 1971 443 2034 ad
472 1973 604 2034 Peleum
635 1973 766 2055 venerit,
799 1973 865 2055 ipse
895 1972 1060 2057 profitetur
1091 1968 1223 2035 Ovidius
1255 1995 1284 2034 v.
1304 1971 1366 2035 217
1401 1994 1440 2034 ss.

269 2079 440 2162 Postquam
468 2080 552 2142 enim
576 2079 780 2142 Telamonem
803 2079 979 2142 Hesionam
1007 2077 1046 2141 ab
1072 2079 1212 2141 Hercule
1235 2095 1367 2141 uxorem
1392 2098 1441 2140 ae-

268 2187 387 2270 cepisse
411 2187 675 2267 commemoravit,
700 2187 779 2248 sicut
795 2186 1000 2249 Telamonem
1016 2186 1059 2248 ita
1081 2186 1210 2248 fratrem
1229 2186 1358 2248 Peleum
1374 2185 1442 2247 dea

268 2294 401 2376 potitum
416 2314 483 2355 esse
499 2292 583 2355 dicit.
609 2293 688 2356 Cum
712 2299 817 2355 autem
839 2292 934 2354 huius
957 2291 1098 2355 fabulam
1122 2292 1228 2355 statim
1252 2292 1441 2371 adnecteret,

269 2400 297 2461 ei
322 2399 442 2481 accidit,
466 2405 623 2462 utcontra
639 2398 940 2484 mytbographorum
963 2401 1180 2462 auctoritatem
1197 2397 1294 2460 Phoci
1310 2411 1442 2460 mortem

270 2513 299 2570 ct
322 2507 412 2569 Pelei
436 2528 477 2568 ox
500 2505 625 2590 Aegina
649 2506 758 2591 fugam
783 2506 836 2587 (ef.
851 2506 998 2590 Apollod.
1014 2506 1069 2568 HI
1096 2506 1158 2567 160
1182 2505 1236 2588 ss.)
1260 2512 1332 2590 post
1354 2506 1442 2568 Pelei

269 2635 339 2676 eum
363 2613 496 2676 Thetide
520 2615 645 2698 nuptiae
670 2612 796 2675 demum
821 2614 949 2676 afferret
973 2613 1037 2695 (XI
1062 2614 1125 2676 268
1151 2612 1199 2695 s..)

376 2719 510 2806 Ceycem
519 2721 757 2805 etHalcyonam
768 2718 791 2804 1)
801 2728 836 2783 ut
848 2706 1097 2805 induceret,'ipso
1108 2720 1299 2804 excogitavit
1308 2718 1441 2782 Peleum

269 2826 424 2890 Trachina
456 2828 497 2890 ad
528 2827 663 2913 Ceyeem
695 2828 828 2891 venisse.
885 2828 998 2913 Neque
1032 2828 1123 2890 alitor
1158 2829 1288 2909 invenit,
1328 2834 1362 2889 ut
1400 2825 1440 2889 ad

268 2933 498 2999 Daedalionom
522 2942 552 2998 et
576 2935 730 2998 Cbionam
754 2937 912 3018 transiret,
935 2933 1020 2998 hunc
1044 2935 1140 2998 fuisse
1165 2934 1275 3018 Ceycis
1299 2934 1440 2996 fratrem.

269 3041 349 3125 Lupi
380 3041 515 3125 deniquo
544 3041 685 3105 fabulam
715 3043 746 3104 in
774 3063 885 3105 saxum
914 3043 1129 3104 transformati
1154 3038 1306 3104 Nicandri
1335 3061 1441 3104 exem·

268 3144 353 3231 plo²l
378 3168 448 3210 cum
471 3149 568 3212 Peleo
592 3148 762 3212 coniunxit.
788 3149 853 3211 Suo
877 3155 983 3210 autem
999 3148 1128 3211 arbitrio
1145 3147 1278 3212 Ovidius
1299 3147 1441 3211 fabulam

269 3252 426 3318 Trachina
454 3257 628 3337 transtulit,
658 3255 742 3340 apud
773 3256 968 3319 Nicandrum
997 3257 1080 3318 eninr
1108 3278 1158 3318 res
1186 3266 1252 3318 tum
1277 3253 1440 3340 agebatur,

268 3382 338 3423 eum
361 3361 476 3424 Peleus
499 3383 569 3424 cum
597 3364 746 3425 armentis
771 3362 810 3425 ab
834 3363 888 3425 [ro
913 3363 1108 3442 discesserat,
1132 3362 1280 3425 videlieet
1308 3361 1440 3445 „iteratio

269 3466 420 3553 Λοκρίδος
441 3466 491 3530 καὶ
515 3471 574 3554 τῆς
597 3469 733 3532 φωκέων
757 3470 835 3555 γῆς“
861 3468 951 3550 (Ant.
967 3469 1038 3532 Lib.
1056 3469 1078 3531 f.
1095 3470 1151 3551 38)
1167 3471 1188 3550 l.

373 3573 395 3638 J
397 3596 446 3637 am
459 3576 634 3638 accuratius
645 3579 849 3660 cognoscitur,
863 3599 943 3662 quae
955 3579 1034 3639 ratio
1045 3575 1194 3639 Ovidium
1207 3577 1289 3638 inter
1301 3582 1331 3637 et
1341 3574 1439 3659 Apol·

270 3681 411 3744 lodorum
435 3682 616 3746 intercedat.
640 3683 815 3767 Praecipue
834 3684 1008 3769 compendii
1028 3704 1119 3746 usum
1136 3704 1289 3768 apparere
1306 3682 1441 3745 arbitror

268 3810 309 3850 ex
332 3789 492 3871 facilitate,
521 3812 583 3874 qua
606 3795 698 3874 poeta
727 3812 745 3852 a
769 3791 889 3853 Troicis
917 3791 1011 3854 rebus
1040 3789 1080 3852 ad
1108 3790 1242 3853 Peleum
1271 3790 1382 3852 transit
1410 3800 1441 3850 et

268 3915 390 3977 rursus,
421 3903 589 3981 postquam
623 3918 728 3960 rorum
763 3905 853 3960 tenor
886 3899 1079 3981 amplissima
1115 3898 1168 3959 illa
1203 3897 1241 3958 de
1273 3897 1375 3980 Ceyce
1410 3906 1441 3956 et

268 4001 475 4012 ——..-.

376 4035 396 4102 ¹)
416 4037 508 4104 Ceycis
529 4043 554 4089 et
572 4037 724 4106 Halcyonau
745 4037 861 4090 liubulam
880 4055 914 4090 ex
933 4036 1067 4091 Nicandro
1086 4037 1192 4091 fluxisse
1213 4039 1244 4092 U.
1265 4036 1297 4089 de
1311 4037 1439 4089 Wllamo-

268 4124 326 4175 witz
346 4124 461 4177 ostendit
481 4128 506 4178 iu
527 4125 616 4179 Herm.
630 4127 680 4178 vol.
697 4130 729 4178 18
749 4127 853 4194 (1883),
872 4143 898 4195 p.
913 4131 964 4179 417
984 4143 1043 4179 anu.
1058 4130 1082 4179 2.

375 4211 397 4277 2)
417 4212 449 4265 cl.
464 4217 561 4266 Aulon.
576 4215 690 4268 liberal.
705 4219 754 4282 383
775 4233 808 4267 ex
827 4215 955 4268 Nicandri
975 4218 1043 4279 e'rep:
1053 4216 1084 4268 α’.

375 4301 396 4370 ³)
416 4304 487 4356 Male
502 4302 611 4356 Ovidius
630 4320 684 4356 rem
705 4304 863 4358 obscuravit.
890 4303 969 4357 Haud
989 4307 1058 4356 enim
1078 4321 1110 4356 ex
1123 4305 1242 4357 versibus
1262 4306 1319 4356 eius
1338 4305 1440 4357 intelle-

266 4392 343 4458 gitur,
364 4406 445 4458 quare
459 4393 555 4445 Peleus
573 4409 678 4460 gregem
698 4409 786 4445 secum
806 4392 894 4445 ducat.
919 4393 1056 4459 Quomodo
1075 4400 1163 4446 autem
1176 4392 1303 4446 Nicandri
1324 4392 1439 4446 fabulam

268 4481 292 4533 iu
313 4481 422 4550 singulis
442 4480 520 4537 rebus
540 4488 676 4549 mutasset,
696 4481 770 4534 Ebu.
785 4484 908 4553 exposuit
921 4484 947 4536 iu
966 4488 1055 4536 annot.
1069 4481 1110 4536 ad.
1123 4500 1145 4534 e.
1156 4486 1216 4551 348,
1230 4485 1291 4551 352,
1304 4484 1364 4549 381,
1379 4486 1438 4536 400.
