3350 5184
765 355 981 421 ..52-

288 559 320 621 in
345 565 524 621 transcursu
548 555 639 620 buius
654 557 699 619 rei
723 557 915 620 mentionem
938 555 1063 619 iniecit?
1089 556 1164 618 Sine
1189 555 1284 619 dubio
1301 555 1375 641 quia
1390 575 1460 618 cam

288 666 321 727 in
345 665 431 729 fonte
462 665 547 749 legit,
579 665 610 727 in
639 685 700 748 quo
728 663 878 727 Herculis
909 663 1050 727 fabulam
1081 648 1152 726 eius*
1178 663 1340 748 progeniei
1369 683 1460 726 casus

288 771 444 835 subsecuti
468 778 566 834 erant.
596 768 703 854 Atque
720 792 831 834 revera
855 773 886 834 in
903 769 1089 855 compendio
1105 770 1318 855 mythologice
1335 769 1461 832 fabulas

287 879 332 941 ita
355 878 520 964 dispositas
545 877 641 940 luisse
655 876 870 962 Apollodorus
893 879 981 940 tostis
1004 885 1064 940 est:
1092 877 1241 940 Herculis
1258 877 1342 939 cuim
1359 882 1459 939 morte

286 993 414 1048 narrata
428 985 599 1048 liberorum
622 986 689 1048 cius
705 985 882 1068 catalogum
905 991 1046 1046 recenset
1062 983 1111 1064 (H
1129 983 1327 1065 161-166),
1345 983 1459 1046 deinde

287 1091 363 1173 (167
389 1093 427 1173 s.)
452 1091 696 1154 Heraclidarum
719 1099 827 1154 contra
849 1089 1063 1176 Eurystheum
1086 1111 1227 1176 pugnam
1250 1098 1370 1153 tractat.

393 1208 499 1292 Atque
521 1209 586 1269 iam
606 1209 860 1292 complectamur,
885 1227 965 1289 quac
979 1206 1130 1270 hactenus
1155 1207 1193 1269 do
1210 1205 1317 1271 Ovidii
1342 1206 1459 1269 fabulis

288 1314 454 1378 Herculeis
478 1314 706 1400 expedivimus.
741 1314 831 1377 Adiit
847 1314 980 1376 Ovidius
1006 1315 1134 1394 fontem,
1159 1336 1200 1376 cx
1224 1334 1285 1396 qno
1309 1313 1459 1376 traditum

287 1443 390 1485 reruni
406 1429 546 1485 tenorem
560 1421 720 1484 commode
736 1441 922 1505 cognoscere
937 1422 964 1482 ei
983 1420 1104 1483 licebat.
1130 1420 1193 1483 Sed
1209 1441 1316 1483 omnes
1333 1419 1460 1483 fabulas

287 1529 462 1592 Herculeas
493 1535 626 1592 tractare
658 1549 730 1591 cum
760 1530 786 1590 ei
818 1549 881 1590 non
913 1529 1096 1612 placuisset,
1130 1528 1242 1610 selegit
1274 1528 1459 1608 Acheloum,

287 1635 433 1719 Nessum,
458 1635 631 1699 Herculem
653 1655 775 1699 veneno
799 1634 954 1697 imbutum
971 1635 1066 1717 inque
1083 1634 1157 1696 deos
1173 1635 1318 1697 relatum.
1343 1633 1460 1697 Oontra

287 1749 470 1827 aspernatus
499 1749 546 1805 cst
573 1762 626 1804 eas
654 1743 860 1824 narrationes,
886 1762 966 1826 quac
990 1740 1192 1824 praecedunt,
1216 1741 1364 1803 nimirum
1389 1762 1459 1803 cum

287 1849 563 1935 metamorphoseis
586 1850 693 1912 nullae
716 1850 863 1912 inessent.
911 1848 959 1911 De
983 1849 1107 1911 insertis
1130 1868 1206 1911 vero
1230 1847 1357 1928 fabulis,
1381 1869 1459 1931 quas

287 1958 454 2042 praecipuo
478 1978 519 2018 cx
542 1955 844 2035 Alexandrinorum,
868 1962 903 2017 ut
918 1954 1022 2036 credo,
1046 1962 1212 2039 poetarum
1235 1954 1369 2017 hortulis
1384 1954 1459 2017 Ovi-

287 2062 356 2126 dius
380 2062 544 2147 decerpsit,
570 2065 786 2148 quaestionem
809 2064 978 2125 mittamus.
1004 2062 1116 2125 Restat
1139 2066 1270 2145 tanturn,
1295 2068 1329 2124 ut
1353 2068 1460 2125 contra

287 2191 340 2232 cos
369 2190 556 2255 pugnemus,
587 2171 642 2252 qui
672 2171 802 2233 nimium
837 2168 979 2232 tribuunt
1008 2168 1169 2254 Euripidis
1199 2169 1360 2253 Meleagro
1371 2166 1395 2251 5)
1430 2176 1460 2232 ct

287 2277 450 2363 Sophoclis
474 2276 658 2340 Trachiniis.
670 2275 695 2359 ⁶)

393 2393 441 2457 Ac
452 2393 589 2477 primunr
604 2393 731 2478 quidem
746 2393 916 2477 quaeritur,
933 2394 1035 2477 qualis
1050 2393 1146 2456 fuerit
1159 2392 1323 2455 enchiridii
1337 2391 1459 2478 mytho-

288 2499 380 2584 logici
407 2498 446 2562 de
478 2499 671 2584 Meleagro
705 2500 823 2563 fabula.
872 2499 962 2563 Vidit
989 2500 1026 2562 E.
1051 2500 1153 2562 Bethe
1185 2499 1339 2580 (Quaestt.
1364 2499 1457 2562 Diod.

286 2629 316 2691 p.
335 2607 389 2688 61)
414 2605 644 2692 Apollodorum
667 2603 697 2686 (Ι
722 2607 866 2687 lit-73)
897 2613 928 2668 ct
952 2606 1124 2670 lliodorum
1149 2605 1212 2688 (iv
1237 2607 1292 2688 34)
1318 2605 1396 2669 duas
1420 2606 1459 2670 de

286 2713 439 2798 Meleagri
463 2721 564 2777 morte
587 2714 782 2778 narrationes
813 2712 965 2797 praebere
990 2713 1139 2797 diversas,
1171 2736 1249 2798 quas
1280 2736 1321 2776 ex
1349 2714 1459 2776 eodem

285 2820 366 2883 libro
413 2820 548 2884 fabulari
595 2821 780 2884 hausissent.
827 2818 940 2882 Altera
977 2821 1104 2904 quidem
1140 2822 1233 2884 fluxit
1270 2843 1312 2884 cx
1355 2819 1457 2883 lliade

287 2926 316 3007 (l
341 2929 544 3010 533—599);
569 2928 669 2990 altera
692 2949 766 2990 vcro
790 2926 952 3012 Euripidis
970 2927 1165 3011 tragoediam
1182 2936 1288 2991 secuta
1303 2927 1456 3012 Meleagri

286 3035 319 3095 in
350 3032 533 3097 Atalantam
570 3055 708 3096 amorem
739 3034 839 3096 omnis
870 3032 1055 3097 calamitatis
1086 3054 1212 3096 causam
1243 3033 1340 3097 fnisse
1374 3034 1457 3096 dicit.

287 3139 390 3212 Quam
419 3141 553 3204 formam
575 3141 780 3225 Euripideum
811 3141 844 3203 in
873 3140 1056 3224 compendio
1087 3140 1224 3224 primunr
1256 3141 1357 3204 locum
1380 3141 1459 3203 obti-

286 3250 392 3311 nuisse
415 3246 603 3311 bibliotheca
628 3246 764 3330 docet7).
804 3247 866 3310 His
890 3246 1018 3331 quidem
1043 3248 1159 3311 fabulis
1183 3250 1264 3310 inter
1287 3270 1320 3310 se
1344 3248 1458 3311 discre-

393 3424 414 3492 5)
436 3423 541 3491 Surber,
561 3423 603 3477 die
616 3425 812 3492 Meleagersage
832 3442 858 3492 p.
874 3427 937 3475 124:
957 3425 1009 3489 „ini
1024 3423 1131 3476 Ganzen
1144 3424 1207 3477 ruht
1219 3440 1248 3476 er
1260 3423 1351 3492 (ovid)
1365 3422 1458 3476 durch·

286 3530 333 3567 aus
352 3513 402 3567 auf
417 3514 594 3582 Euripides
612 3512 666 3566 und
686 3513 735 3565 den
756 3529 805 3565 von
826 3513 925 3565 diesem
945 3512 1160 3566 einllnssreichen
1179 3513 1289 3565 Dichter
1307 3513 1457 3581 gegebenen

287 3605 470 3671 Auregungeu.
502 3603 559 3655 Aul
574 3602 728 3656 Nikandros
751 3605 825 3655 wcist
848 3603 975 3669 lediglicb
999 3601 1041 3654 die
1062 3604 1232 3670 Darstellung
1251 3602 1297 3655 der
1316 3601 1458 3654 Versand·

286 3693 349 3760 lnng
367 3709 419 3746 von
437 3693 587 3760 Meleagros
608 3693 796 3745 Scbwcstcrn.“
819 3693 945 3745 Similiter
964 3692 1039 3744 Ebu.
1052 3692 1086 3744 ad
1106 3694 1122 3744 l.
1136 3693 1201 3744 Vlll
1220 3710 1243 3744 v.
1257 3695 1316 3744 260.

393 3790 415 3859 6)
435 3791 509 3844 Ebu.
523 3790 557 3843 ad
577 3793 592 3842 Ι.
607 3791 645 3843 IX
664 3808 687 3842 v.
704 3795 726 3856 1,
747 3809 769 3843 v.
786 3795 817 3842 lt
837 3799 864 3843 et
882 3793 987 3858 passim.

394 3887 415 3958 ⁷)
434 3887 568 3942 Nicander
587 3890 660 3957 (Ant.
675 3889 732 3942 Lib.
747 3891 783 3956 2),
803 3895 832 3942 ut
852 3888 944 3943 doctus
957 3888 1132 3942 Alexandrini
1151 3891 1209 3942 aevi
1222 3895 1309 3957 poeta,
1329 3887 1457 3956 Meleagri

286 3978 413 4047 Euripide
433 3981 608 4046 antiquiorem
626 3979 736 4046 praebet
753 3978 858 4031 fabulae
877 3978 987 4031 formam
1006 3981 1080 4032 cuius
1098 3986 1190 4032 testem
1209 3985 1327 4030 tenemus
1339 3978 1457 4046 Bacchy·

287 4068 365 4120 iidem
384 4069 419 4136 (V
440 4068 548 4136 [Blass]
569 4069 713 4136 94-154),
737 4067 811 4120 addit
835 4084 896 4120 vcro
916 4066 1092 4135 Meleagridcs
1114 4070 1142 4119 iu
1165 4083 1227 4120 aves
1249 4075 1370 4132 mutatas,
1394 4083 1457 4120 non·

286 4158 410 4223 nullaque
430 4163 565 4225 praeterea
584 4155 628 4225 (cs.
642 4160 705 4210 Ant.
720 4158 778 4209 Lib.
793 4161 817 4224 2,
838 4162 853 4209 4
873 4157 904 4224 s.)
925 4173 957 4208 ex
976 4156 1059 4208 iliade
1078 4158 1218 4209 inseruisse
1237 4155 1348 4208 videtur.
1379 4155 1457 4208 Euri-

285 4246 355 4315 pidis
367 4245 516 4314 tragoediae
529 4253 711 4314 argumentum
724 4249 838 4300 servavit
851 4246 1023 4313 bibliotheca3
1043 4245 1088 4298 sed
1102 4247 1189 4299 nescio
1201 4261 1235 4298 an
1249 4245 1457 4314 mytbographus

286 4336 421 4403 nonnulla,
447 4337 518 4389 velut
544 4343 697 4389 venatorum
723 4337 881 4403 catalogum,
907 4351 940 4387 cx
969 4333 1040 4387 fonte
1067 4333 1234 4403 Bacchylidis
1260 4343 1286 4388 ct
1311 4333 1456 4402 Euripidis,

286 4426 400 4479 carmine
421 4424 542 4478 videlicet
562 4427 636 4493 epico
656 4425 754 4496 aliquo,
774 4425 954 4478 immiscuerit.
