3350 5184
695 419 892 481 -9-

208 615 312 676 lenum
336 613 483 678 incidisse
502 622 533 678 et
552 615 592 678 ab
612 636 648 677 eo
665 615 704 678 de
728 617 850 701 reliquo
871 617 983 679 itinero
1004 614 1130 679 doctum
1148 637 1216 680 esse
1231 618 1377 698 (---462).

206 720 300 784 Unde
311 722 487 805 profectum
500 723 602 806 plenis
615 724 819 806 navigantem
831 724 920 806 velis,
933 722 987 786 ubi
999 725 1136 808 primum
1148 723 1215 786 dics
1228 725 1378 804 illuxerit,

206 827 320 890 ltaliae
338 849 425 891 oram
440 830 626 892 orientalem
642 830 771 914 cepisse.
788 830 866 892 Mox
882 831 915 892 in
935 830 1076 894 Siciliam
1093 832 1255 895 traiectum
1272 832 1378 894 vitatis

207 933 313 1020 Scylla
326 943 358 999 et
374 936 534 1020 Charybdi
548 938 679 1000 classem
696 937 777 1000 litori
795 938 955 1022 appulisse
969 958 1067 1022 prope
1081 937 1216 1000 Aetnam
1230 945 1376 1001 montem.

203 1100 206 1105 ,
315 1042 403 1106 Idem
418 1051 464 1106 cst
478 1043 686 1107 Troianorum
703 1045 764 1107 iter
781 1044 865 1129 apud
880 1044 1027 1108 Ovidium
1047 1045 1260 1126 (lle-723),
1279 1064 1378 1127 eaque

204 1149 359 1213 brevitate
384 1172 432 1213 res
449 1156 626 1234 narrantur,
652 1158 686 1215 ut
708 1153 859 1214 litteratos
881 1152 1008 1215 lectores
1023 1151 1184 1215 Nasonem
1203 1153 1377 1235 respexisse

205 1264 365 1341 appareat.
404 1259 443 1321 In
467 1279 504 1321 ee
529 1265 659 1339 tuntum,
689 1280 880 1344 quamquam
908 1259 1105 1323 adverbum
1134 1260 1200 1322 fere
1224 1283 1253 1324 v.
1272 1261 1377 1323 7300

205 1361 347 1448 Vergilio
371 1365 511 1448 (1.420)
534 1367 704 1448 transtulit,
729 1367 768 1430 ab
793 1373 919 1429 auctore
947 1366 1088 1448 dissedit,
1117 1367 1199 1450 quod
1225 1365 1377 1429 Troianos

205 1471 244 1534 ad
262 1471 408 1556 Zanclen,
433 1495 530 1559 prope
548 1473 686 1559 Scyllam
704 1483 734 1536 et
749 1473 954 1557 Charybdim,
971 1494 1067 1537 naves
1082 1475 1240 1559 appulisse
1258 1473 1332 1537 dicit
1345 1497 1375 1538 v.

205 1579 268 1642 728
283 1601 322 1640 ss.
348 1578 495 1643 Correxit
512 1581 607 1663 igitur
621 1581 810 1664 Vergilium,
835 1588 870 1644 ut
891 1581 1014 1644 fabulas
1035 1580 1074 1643 de
1096 1580 1203 1666 Scylla
1221 1579 1342 1644 Glauco
1351 1579 1377 1662 ⁷)

204 1685 337 1774 Galatea
361 1685 557 1772 Polypheme
568 1686 593 1768 8)
618 1687 718 1751 Acide
730 1685 756 1770 9)
780 1688 946 1751 artificiose
966 1690 1047 1750 inter
1063 1710 1096 1751 se
1112 1709 1280 1768 connexas,
1296 1709 1377 1772 quae

204 1793 291 1856 nullo
322 1794 450 1879 quidem
478 1803 569 1879 pacto
592 1795 632 1858 ad
656 1795 809 1876 Aeneam,
838 1802 921 1859 certe
951 1805 1057 1859 tamen
1079 1793 1121 1858 ad
1145 1795 1283 1858 Siciliam
1306 1818 1377 1881 per·

204 1902 312 1984 tinent,
338 1901 450 1965 idoneo
476 1904 542 1966 loco
558 1905 710 1966 insereret
727 1902 829 1985 (xlfl
846 1905 908 1966 732
921 1902 1057 1966 —XIV
1074 1903 1138 1985 74).
1168 1901 1289 1976 Quibus
1305 1923 1377 1964 uar-

204 2007 387 2092 rationibus,
411 2015 447 2071 ut
470 2017 579 2094 aptum
602 2010 643 2072 ad
667 2031 720 2072 eas
743 2011 910 2073 transitum
933 2010 992 2073 sibi
1017 2010 1143 2090 faceret,
1173 2009 1303 2072 brevem
1327 2010 1375 2071 Si-

202 2115 293 2177 ciliae
317 2115 558 2200 descriptionem
581 2117 743 2200 praemisit
766 2117 979 2199 (rat-727).

310 2223 435 2309 Scyllae
470 2223 578 2287 fabula
609 2224 650 2287 ad
681 2224 774 2287 finem
808 2224 960 2309 perducta
992 2223 1124 2288 Ovidius
1155 2223 1237 2286 XIV
1263 2225 1303 2286 75
1335 2222 1376 2286 ad

201 2329 344 2393 Aeneam
368 2335 552 2395 revertitur:

294 2438 394 2519 ,hunc
419 2439 473 2520 (sc.
491 2442 653 2525 scopulum
678 2440 816 2526 Scyllae)
840 2441 895 2503 ubi
920 2440 1076 2503 Troianae
1100 2441 1193 2502 remis

932 2548 1120 2632 avidamque
1146 2544 1331 2633 Charybdin

290 2655 411 2716 evicere
435 2661 528 2736 rates,
554 2677 623 2717 cum
649 2657 710 2718 iam
734 2677 831 2740 prope
858 2659 930 2719 litus
954 2654 1100 2717 adessent
1151 2701 1155 2708 .

289 2759 474 2844 Ausonium,
500 2762 634 2846 Libycas
658 2770 751 2826 vento
775 2764 956 2827 referuntur
980 2763 1020 2826 ad
1044 2785 1123 2826 oras.

289 2870 405 2953 excipit
429 2868 560 2932 Aenean
585 2871 648 2933 illic
672 2872 840 2956 animoque
863 2871 1018 2954 domoque

290 2996 351 3037 non
375 2973 454 3037 bene
479 2976 643 3039 discidium
668 2977 801 3063 Phrygii
826 2981 929 3041 latura
951 2979 1055 3041 mariti

290 3081 433 3165 Sidonis,
459 3084 553 3167 inque
577 3105 656 3167 pyra
680 3088 758 3147 sacri
783 3085 841 3148 sub
866 3087 1003 3170 imagine
1027 3085 1111 3148 facta

290 3189 428 3252 incubuit
453 3190 537 3253 ferre
562 3190 756 3277 deceptaque
781 3192 897 3277 decipit
920 3193 1059 3256 omnes.“

306 3295 404 3358 Vides
435 3317 543 3360 versus
578 3300 708 3362 75-78
742 3308 970 3384 argumentum·
996 3322 1063 3362 esse
1094 3300 1245 3363 Aeneidis
1278 3302 1370 3384 primi

201 3401 281 3484 libri,
306 3423 416 3465 versus
441 3405 567 3466 79-81
596 3404 758 3491 quarti.¹⁰)
805 3405 974 3469 Praeteriit
1003 3407 1100 3492 igitur
1123 3406 1266 3489 Ovidius,
1291 3428 1372 3491 quae

198 3517 340 3572 extrema
370 3515 459 3595 parte
482 3509 634 3574 Aeneidis
659 3512 755 3575 llll
779 3512 937 3597 leguntur,
967 3515 1083 3576 scilicet
1106 3513 1372 3576 Achaernenidem

198 3637 342 3680 narrasse
367 3617 509 3679 fabulam
532 3618 571 3680 do
595 3618 791 3704 Polyphemo
815 3628 847 3682 et
869 3621 966 3683 Ulixe
991 3620 1204 3702 (oss-691),
1224 3658 1265 3665 —
1290 3620 1373 3682 xlv

200 3723 261 3787 158
275 3745 314 3786 ss.
339 3723 466 3786 demum
490 3746 559 3787 eam
583 3726 688 3788 attulit
703 3763 755 3808 -,
781 3734 811 3789 et
827 3727 986 3790 Anchisae
1001 3738 1131 3790 mortem
1157 3729 1371 3808 (cer-715).

305 3863 325 3931 7)
346 3864 490 3918 Ovidlusne
512 3867 566 3932 lpse
586 3866 682 3920 Glauci
702 3883 761 3918 cum
782 3868 886 3935 Scyllae
906 3868 1022 3921 fabulam
1043 3870 1201 3921 coniunxit}>

304 3954 325 4020 8)
345 3954 418 4020 Quae
438 3953 470 4006 de
486 3954 648 4024 Polyphemo
663 3955 772 4008 (lvidius
786 3964 875 4009 narrat
888 3957 1021 4010 coloribus
1034 3975 1050 4010 a
1063 3958 1204 4010 Theocrito
1219 3960 1273 4025 (11,
1287 3962 1303 4010 9
1317 3964 1371 4022 ss),

198 4039 313 4092 Homero
339 4041 400 4109 (ed.
422 4045 458 4110 9),
487 4042 597 4096 sortasse
624 4047 703 4096 etiam
730 4061 745 4096 a
772 4046 934 4100 Callimacho
961 4046 1123 4114 depromptis
1149 4049 1293 4099 exornavit.
1332 4046 1370 4099 Cf.

196 4128 322 4194 Hollsnd,
348 4129 380 4182 de
407 4132 570 4200 Polyphemo
598 4141 624 4186 ct
651 4133 768 4201 Galatea,
796 4137 822 4186 in
843 4137 931 4204 Leipz.
954 4135 1027 4188 Stud.
1047 4136 1106 4188 Vll.
1124 4140 1198 4202 1884,
1219 4140 1309 4203 p253
1329 4152 1370 4202 sa,

197 4235 223 4284 p.
237 4222 290 4270 272
303 4233 338 4270 se.

292 4305 324 4374 a)
344 4307 436 4362 Acidis
456 4286 571 4363 tabulam
596 4314 695 4380 primus
716 4314 893 4366 Callimachum
918 4315 1011 4367 litteris
1030 4314 1166 4367 mandasse
1187 4313 1297 4366 videtur.
1330 4312 1370 4366 Cf.

196 4397 312 4451 Holland
334 4400 350 4450 l.
365 4400 381 4450 l.

304 4487 336 4554 l⁰)
354 4488 406 4542 Hic
420 4487 547 4544 Aeneidis
566 4489 633 4544 liber
652 4490 686 4545 ab
700 4490 794 4546 Ovidio
808 4491 910 4545 heroid.
928 4492 980 4546 Vll
999 4491 1138 4562 diligenter
1157 4491 1293 4546 adhibitus
1306 4501 1373 4546 erat.
