<?xml version="1.0" encoding="UTF-8"?>
<!DOCTYPE html PUBLIC "-//W3C//DTD XHTML 1.0 Transitional//EN"
    "http://www.w3.org/TR/xhtml1/DTD/xhtml1-transitional.dtd">
<html xmlns="http://www.w3.org/1999/xhtml" xml:lang="en" lang="en">
 <head>
  <title>
</title>
<meta http-equiv="Content-Type" content="text/html;charset=utf-8" />
  <meta name='ocr-system' content='tesseract 3.04.00' />
  <meta name='ocr-capabilities' content='ocr_page ocr_carea ocr_par ocr_line ocrx_word'/>
</head>
<body>
  <div class='ocr_page' id='page_1' title='image "./ovidiusquaratio01kiengoog_0020.png"; bbox 0 0 3350 5184; ppageno 0'>
   <div class='ocr_carea' id='block_1_1' title="bbox 771 411 991 473">
    <p class='ocr_par' dir='ltr' id='par_1_1' title="bbox 771 411 991 473">
     <span class='ocr_line' id='line_1_1' title="bbox 771 411 991 473; baseline -0.009 -17"><span class='ocrx_word' id='word_1_1' title='bbox 771 411 991 473; x_wconf 65' lang='lat'>..14-</span> 
     </span>
    </p>
   </div>
   <div class='ocr_carea' id='block_1_2' title="bbox 294 603 1469 1657">
    <p class='ocr_par' dir='ltr' id='par_1_2' title="bbox 294 603 1469 1657">
     <span class='ocr_line' id='line_1_2' title="bbox 403 603 1468 692; baseline -0.003 -24"><span class='ocrx_word' id='word_1_2' title='bbox 403 605 466 668; x_wconf 81' lang='lat' dir='ltr'>Sed</span> <span class='ocrx_word' id='word_1_3' title='bbox 497 627 577 691; x_wconf 86' lang='lat' dir='ltr'>quae</span> <span class='ocrx_word' id='word_1_4' title='bbox 604 603 747 692; x_wconf 86' lang='lat' dir='ltr'>Vergilio</span> <span class='ocrx_word' id='word_1_5' title='bbox 778 606 881 690; x_wconf 89' lang='lat' dir='ltr'>debet,</span> <span class='ocrx_word' id='word_1_6' title='bbox 913 613 1090 670; x_wconf 90' lang='lat' dir='ltr'>accuratum</span> <span class='ocrx_word' id='word_1_7' title='bbox 1119 613 1150 669; x_wconf 91' lang='lat' dir='ltr'>et</span> <span class='ocrx_word' id='word_1_8' title='bbox 1178 605 1293 670; x_wconf 77' lang='lat' dir='ltr'>subtile</span> <span class='ocrx_word' id='word_1_9' title='bbox 1315 604 1468 671; x_wconf 75' lang='lat' dir='ltr'><strong>Aeneidis</strong></span> 
     </span>
     <span class='ocr_line' id='line_1_3' title="bbox 295 715 1468 800; baseline 0.001 -25"><span class='ocrx_word' id='word_1_10' title='bbox 295 720 516 798; x_wconf 81' lang='lat' dir='ltr'>argumentum</span> <span class='ocrx_word' id='word_1_11' title='bbox 539 735 607 777; x_wconf 62' lang='lat' dir='ltr'>essse</span> <span class='ocrx_word' id='word_1_12' title='bbox 630 736 687 800; x_wconf 93' lang='lat' dir='ltr'>per</span> <span class='ocrx_word' id='word_1_13' title='bbox 711 735 743 776; x_wconf 89' lang='lat' dir='ltr'>se</span> <span class='ocrx_word' id='word_1_14' title='bbox 768 736 831 777; x_wconf 90' lang='lat' dir='ltr'>non</span> <span class='ocrx_word' id='word_1_15' title='bbox 856 715 1105 800; x_wconf 83' lang='lat' dir='ltr'>exspectaveris:</span> <span class='ocrx_word' id='word_1_16' title='bbox 1140 716 1235 776; x_wconf 89' lang='lat' dir='ltr'>immo</span> <span class='ocrx_word' id='word_1_17' title='bbox 1265 720 1373 777; x_wconf 90' lang='lat' dir='ltr'>contra</span> <span class='ocrx_word' id='word_1_18' title='bbox 1402 732 1468 776; x_wconf 87' lang='lat' dir='ltr'>oar·</span> 
     </span>
     <span class='ocr_line' id='line_1_4' title="bbox 295 819 1468 904; baseline 0 -22"><span class='ocrx_word' id='word_1_19' title='bbox 295 820 387 883; x_wconf 92' lang='lat' dir='ltr'>minis</span> <span class='ocrx_word' id='word_1_20' title='bbox 418 821 502 884; x_wconf 91' lang='lat' dir='ltr'>illius</span> <span class='ocrx_word' id='word_1_21' title='bbox 533 820 628 884; x_wconf 86' lang='lat' dir='ltr'>libros</span> <span class='ocrx_word' id='word_1_22' title='bbox 657 824 700 884; x_wconf 91' lang='lat' dir='ltr'>ita</span> <span class='ocrx_word' id='word_1_23' title='bbox 724 819 764 884; x_wconf 85' lang='lat' dir='ltr'>ad</span> <span class='ocrx_word' id='word_1_24' title='bbox 792 843 883 884; x_wconf 92' lang='lat' dir='ltr'>usum</span> <span class='ocrx_word' id='word_1_25' title='bbox 915 843 1005 884; x_wconf 91' lang='lat' dir='ltr'>suum</span> <span class='ocrx_word' id='word_1_26' title='bbox 1033 820 1290 904; x_wconf 78' lang='lat' dir='ltr'>accommodavit,</span> <span class='ocrx_word' id='word_1_27' title='bbox 1319 819 1468 884; x_wconf 82' lang='lat' dir='ltr'>ulmodo</span> 
     </span>
     <span class='ocr_line' id='line_1_5' title="bbox 294 926 1468 1013; baseline -0.001 -24"><span class='ocrx_word' id='word_1_28' title='bbox 294 947 345 989; x_wconf 84' lang='lat' dir='ltr'>res</span> <span class='ocrx_word' id='word_1_29' title='bbox 360 926 490 991; x_wconf 89' lang='lat' dir='ltr'>obscure</span> <span class='ocrx_word' id='word_1_30' title='bbox 505 929 704 1013; x_wconf 86' lang='lat' dir='ltr'>significaret,</span> <span class='ocrx_word' id='word_1_31' title='bbox 717 929 809 992; x_wconf 81' lang='lat' dir='ltr'>niodo</span> <span class='ocrx_word' id='word_1_32' title='bbox 823 929 947 992; x_wconf 85' lang='lat' dir='ltr'>fabulas</span> <span class='ocrx_word' id='word_1_33' title='bbox 960 936 1014 991; x_wconf 89' lang='lat' dir='ltr'>aut</span> <span class='ocrx_word' id='word_1_34' title='bbox 1026 929 1131 993; x_wconf 90' lang='lat' dir='ltr'>verbis</span> <span class='ocrx_word' id='word_1_35' title='bbox 1147 927 1320 1013; x_wconf 85' lang='lat' dir='ltr'>aVergilio</span> <span class='ocrx_word' id='word_1_36' title='bbox 1335 928 1468 1012; x_wconf 89' lang='lat' dir='ltr'>receptis</span> 
     </span>
     <span class='ocr_line' id='line_1_6' title="bbox 295 1033 1468 1120; baseline -0.002 -22"><span class='ocrx_word' id='word_1_37' title='bbox 295 1041 349 1098; x_wconf 89' lang='lat' dir='ltr'>aut</span> <span class='ocrx_word' id='word_1_38' title='bbox 380 1033 550 1098; x_wconf 82' lang='lat' dir='ltr'>luminibus</span> <span class='ocrx_word' id='word_1_39' title='bbox 579 1057 620 1098; x_wconf 82' lang='lat' dir='ltr'>ex</span> <span class='ocrx_word' id='word_1_40' title='bbox 644 1057 699 1099; x_wconf 91' lang='lat' dir='ltr'>suo</span> <span class='ocrx_word' id='word_1_41' title='bbox 728 1037 933 1120; x_wconf 84' lang='lat' dir='ltr'>ingeniovel</span> <span class='ocrx_word' id='word_1_42' title='bbox 966 1035 1093 1099; x_wconf 81' lang='lat' dir='ltr'>aliunde</span> <span class='ocrx_word' id='word_1_43' title='bbox 1123 1035 1256 1120; x_wconf 89' lang='lat' dir='ltr'>sumptis</span> <span class='ocrx_word' id='word_1_44' title='bbox 1287 1035 1468 1117; x_wconf 85' lang='lat' dir='ltr'>illustraret,</span> 
     </span>
     <span class='ocr_line' id='line_1_7' title="bbox 294 1141 1467 1228; baseline -0.001 -23"><span class='ocrx_word' id='word_1_45' title='bbox 294 1141 393 1206; x_wconf 86' lang='lat' dir='ltr'>modo¹</span> <span class='ocrx_word' id='word_1_46' title='bbox 418 1165 499 1227; x_wconf 91' lang='lat' dir='ltr'>quae</span> <span class='ocrx_word' id='word_1_47' title='bbox 532 1143 635 1207; x_wconf 89' lang='lat' dir='ltr'>minus</span> <span class='ocrx_word' id='word_1_48' title='bbox 674 1143 837 1207; x_wconf 89' lang='lat' dir='ltr'>commoda</span> <span class='ocrx_word' id='word_1_49' title='bbox 877 1145 904 1207; x_wconf 92' lang='lat' dir='ltr'>ei</span> <span class='ocrx_word' id='word_1_50' title='bbox 935 1141 1135 1227; x_wconf 81' lang='lat' dir='ltr'>viderentur,</span> <span class='ocrx_word' id='word_1_51' title='bbox 1177 1144 1271 1228; x_wconf 90' lang='lat' dir='ltr'>plane</span> <span class='ocrx_word' id='word_1_52' title='bbox 1302 1144 1467 1206; x_wconf 90' lang='lat' dir='ltr'>omitteret.</span> 
     </span>
     <span class='ocr_line' id='line_1_8' title="bbox 294 1246 1469 1336; baseline -0.002 -24"><span class='ocrx_word' id='word_1_53' title='bbox 294 1247 339 1312; x_wconf 88' lang='lat' dir='ltr'>At</span> <span class='ocrx_word' id='word_1_54' title='bbox 368 1249 451 1336; x_wconf 93' lang='lat' dir='ltr'>quod</span> <span class='ocrx_word' id='word_1_55' title='bbox 481 1249 651 1314; x_wconf 87' lang='lat' dir='ltr'>tenendum</span> <span class='ocrx_word' id='word_1_56' title='bbox 680 1257 736 1331; x_wconf 86' lang='lat' dir='ltr'>ost,</span> <span class='ocrx_word' id='word_1_57' title='bbox 773 1251 806 1314; x_wconf 93' lang='lat' dir='ltr'>in</span> <span class='ocrx_word' id='word_1_58' title='bbox 833 1251 1018 1314; x_wconf 86' lang='lat' dir='ltr'>universum</span> <span class='ocrx_word' id='word_1_59' title='bbox 1048 1251 1161 1313; x_wconf 89' lang='lat' dir='ltr'>saltem</span> <span class='ocrx_word' id='word_1_60' title='bbox 1189 1271 1295 1312; x_wconf 91' lang='lat' dir='ltr'>rerum</span> <span class='ocrx_word' id='word_1_61' title='bbox 1326 1246 1469 1312; x_wconf 77' lang='lat' dir='ltr'>ordinem</span> 
     </span>
     <span class='ocr_line' id='line_1_9' title="bbox 296 1356 1468 1443; baseline -0.001 -23"><span class='ocrx_word' id='word_1_62' title='bbox 296 1359 435 1424; x_wconf 87' lang='lat' dir='ltr'>servavit</span> <span class='ocrx_word' id='word_1_63' title='bbox 457 1378 559 1443; x_wconf 90' lang='lat' dir='ltr'>neque</span> <span class='ocrx_word' id='word_1_64' title='bbox 583 1358 616 1420; x_wconf 95' lang='lat' dir='ltr'>in</span> <span class='ocrx_word' id='word_1_65' title='bbox 639 1357 839 1442; x_wconf 82' lang='lat' dir='ltr'>gravioribus</span> <span class='ocrx_word' id='word_1_66' title='bbox 862 1357 902 1421; x_wconf 92' lang='lat' dir='ltr'>ab</span> <span class='ocrx_word' id='word_1_67' title='bbox 922 1364 1048 1421; x_wconf 92' lang='lat' dir='ltr'>auctore</span> <span class='ocrx_word' id='word_1_68' title='bbox 1072 1356 1214 1420; x_wconf 76' lang='lat' dir='ltr'>discessit</span> <span class='ocrx_word' id='word_1_69' title='bbox 1237 1364 1468 1443; x_wconf 86' lang='lat' dir='ltr'>praeterquam,</span> 
     </span>
     <span class='ocr_line' id='line_1_10' title="bbox 297 1462 1469 1551; baseline -0.003 -22"><span class='ocrx_word' id='word_1_70' title='bbox 297 1463 381 1549; x_wconf 89' lang='lat' dir='ltr'>quod</span> <span class='ocrx_word' id='word_1_71' title='bbox 406 1467 552 1549; x_wconf 88' lang='lat' dir='ltr'>temporis</span> <span class='ocrx_word' id='word_1_72' title='bbox 576 1465 718 1528; x_wconf 86' lang='lat' dir='ltr'>ordinem</span> <span class='ocrx_word' id='word_1_73' title='bbox 745 1466 892 1547; x_wconf 89' lang='lat' dir='ltr'>restituit,</span> <span class='ocrx_word' id='word_1_74' title='bbox 921 1486 1015 1551; x_wconf 91' lang='lat' dir='ltr'>quem</span> <span class='ocrx_word' id='word_1_75' title='bbox 1037 1464 1211 1550; x_wconf 85' lang='lat' dir='ltr'>Vergilius,</span> <span class='ocrx_word' id='word_1_76' title='bbox 1234 1485 1304 1528; x_wconf 92' lang='lat' dir='ltr'>cum</span> <span class='ocrx_word' id='word_1_77' title='bbox 1327 1462 1469 1526; x_wconf 84' lang='lat' dir='ltr'>Aeneam</span> 
     </span>
     <span class='ocr_line' id='line_1_11' title="bbox 296 1570 1468 1657; baseline 0 -23"><span class='ocrx_word' id='word_1_78' title='bbox 296 1593 346 1635; x_wconf 91' lang='lat' dir='ltr'>res</span> <span class='ocrx_word' id='word_1_79' title='bbox 363 1571 403 1635; x_wconf 87' lang='lat' dir='ltr'>ab</span> <span class='ocrx_word' id='word_1_80' title='bbox 426 1572 480 1635; x_wconf 94' lang='lat' dir='ltr'>illo</span> <span class='ocrx_word' id='word_1_81' title='bbox 498 1580 602 1657; x_wconf 86' lang='lat' dir='ltr'>gestas</span> <span class='ocrx_word' id='word_1_82' title='bbox 617 1580 798 1636; x_wconf 89' lang='lat' dir='ltr'>narrantem</span> <span class='ocrx_word' id='word_1_83' title='bbox 815 1573 943 1655; x_wconf 89' lang='lat' dir='ltr'>faceret,</span> <span class='ocrx_word' id='word_1_84' title='bbox 968 1579 1035 1636; x_wconf 89' lang='lat' dir='ltr'>arte</span> <span class='ocrx_word' id='word_1_85' title='bbox 1058 1573 1251 1657; x_wconf 90' lang='lat' dir='ltr'>consilioque</span> <span class='ocrx_word' id='word_1_86' title='bbox 1274 1570 1468 1636; x_wconf 72' lang='lat' dir='ltr'>turbaverat.</span> 
     </span>
    </p>
   </div>
   <div class='ocr_carea' id='block_1_3' title="bbox 287 1764 1473 3679">
    <p class='ocr_par' dir='ltr' id='par_1_3' title="bbox 287 1764 1470 2391">
     <span class='ocr_line' id='line_1_12' title="bbox 404 1764 1470 1855; baseline -0.005 -22"><span class='ocrx_word' id='word_1_87' title='bbox 404 1771 443 1833; x_wconf 93' lang='lat' dir='ltr'>In</span> <span class='ocrx_word' id='word_1_88' title='bbox 466 1769 574 1855; x_wconf 90' lang='lat' dir='ltr'>paucis</span> <span class='ocrx_word' id='word_1_89' title='bbox 597 1770 645 1832; x_wconf 88' lang='lat' dir='ltr'>his</span> <span class='ocrx_word' id='word_1_90' title='bbox 669 1769 823 1855; x_wconf 84' lang='lat' dir='ltr'>capitibus</span> <span class='ocrx_word' id='word_1_91' title='bbox 839 1768 1053 1832; x_wconf 90' lang='lat' dir='ltr'>demonstrare</span> <span class='ocrx_word' id='word_1_92' title='bbox 1076 1768 1153 1832; x_wconf 94' lang='lat' dir='ltr'>mihi</span> <span class='ocrx_word' id='word_1_93' title='bbox 1177 1768 1337 1854; x_wconf 80' lang='lat' dir='ltr'>proposuI,</span> <span class='ocrx_word' id='word_1_94' title='bbox 1361 1764 1470 1831; x_wconf 88' lang='lat' dir='ltr'>Ovidi·</span> 
     </span>
     <span class='ocr_line' id='line_1_13' title="bbox 297 1873 1468 1963; baseline -0.001 -25"><span class='ocrx_word' id='word_1_95' title='bbox 297 1876 393 1958; x_wconf 90' lang='lat' dir='ltr'>dium,</span> <span class='ocrx_word' id='word_1_96' title='bbox 418 1898 488 1939; x_wconf 89' lang='lat' dir='ltr'>oum</span> <span class='ocrx_word' id='word_1_97' title='bbox 511 1876 792 1961; x_wconf 88' lang='lat' dir='ltr'>Metamorphoseis</span> <span class='ocrx_word' id='word_1_98' title='bbox 808 1882 1019 1963; x_wconf 86' lang='lat' dir='ltr'>componeret,</span> <span class='ocrx_word' id='word_1_99' title='bbox 1043 1875 1263 1962; x_wconf 91' lang='lat' dir='ltr'>compendium</span> <span class='ocrx_word' id='word_1_100' title='bbox 1287 1873 1468 1938; x_wconf 75' lang='lat' dir='ltr'>adhibuisse</span> 
     </span>
     <span class='ocr_line' id='line_1_14' title="bbox 297 1982 1470 2069; baseline 0 -25"><span class='ocrx_word' id='word_1_101' title='bbox 297 1984 542 2069; x_wconf 84' lang='lat' dir='ltr'>mythologioum</span> <span class='ocrx_word' id='word_1_102' title='bbox 558 1983 745 2068; x_wconf 86' lang='lat' dir='ltr'>Apollodori</span> <span class='ocrx_word' id='word_1_103' title='bbox 768 1982 977 2047; x_wconf 90' lang='lat' dir='ltr'>bibliothecae</span> <span class='ocrx_word' id='word_1_104' title='bbox 1002 1984 1205 2046; x_wconf 90' lang='lat' dir='ltr'>simillimum.</span> <span class='ocrx_word' id='word_1_105' title='bbox 1239 1982 1354 2067; x_wconf 87' lang='lat' dir='ltr'>Neque</span> <span class='ocrx_word' id='word_1_106' title='bbox 1378 1983 1470 2045; x_wconf 92' lang='lat' dir='ltr'>aliter</span> 
     </span>
     <span class='ocr_line' id='line_1_15' title="bbox 297 2089 1470 2177; baseline -0.002 -24"><span class='ocrx_word' id='word_1_107' title='bbox 297 2097 422 2174; x_wconf 89' lang='lat' dir='ltr'>poetam</span> <span class='ocrx_word' id='word_1_108' title='bbox 445 2091 478 2153; x_wconf 93' lang='lat' dir='ltr'>in</span> <span class='ocrx_word' id='word_1_109' title='bbox 501 2092 631 2175; x_wconf 89' lang='lat' dir='ltr'>reliquis</span> <span class='ocrx_word' id='word_1_110' title='bbox 654 2090 744 2154; x_wconf 91' lang='lat' dir='ltr'>libris</span> <span class='ocrx_word' id='word_1_111' title='bbox 768 2099 863 2177; x_wconf 89' lang='lat' dir='ltr'>atque</span> <span class='ocrx_word' id='word_1_112' title='bbox 887 2093 919 2154; x_wconf 92' lang='lat' dir='ltr'>in</span> <span class='ocrx_word' id='word_1_113' title='bbox 942 2091 1031 2155; x_wconf 90' lang='lat' dir='ltr'>XIII</span> <span class='ocrx_word' id='word_1_114' title='bbox 1052 2098 1083 2154; x_wconf 92' lang='lat' dir='ltr'>et</span> <span class='ocrx_word' id='word_1_115' title='bbox 1101 2089 1185 2154; x_wconf 85' lang='lat' dir='ltr'>XIV</span> <span class='ocrx_word' id='word_1_116' title='bbox 1209 2111 1275 2152; x_wconf 91' lang='lat' dir='ltr'>rem</span> <span class='ocrx_word' id='word_1_117' title='bbox 1298 2089 1470 2152; x_wconf 89' lang='lat' dir='ltr'>instituisse</span> 
     </span>
     <span class='ocr_line' id='line_1_16' title="bbox 297 2198 1470 2283; baseline 0 -24"><span class='ocrx_word' id='word_1_118' title='bbox 297 2198 374 2260; x_wconf 92' lang='lat' dir='ltr'>mihi</span> <span class='ocrx_word' id='word_1_119' title='bbox 404 2201 561 2283; x_wconf 91' lang='lat' dir='ltr'>persuasi,</span> <span class='ocrx_word' id='word_1_120' title='bbox 592 2199 709 2262; x_wconf 87' lang='lat' dir='ltr'>scilicet</span> <span class='ocrx_word' id='word_1_121' title='bbox 738 2221 779 2262; x_wconf 84' lang='lat' dir='ltr'>ex</span> <span class='ocrx_word' id='word_1_122' title='bbox 807 2199 937 2262; x_wconf 88' lang='lat' dir='ltr'>historia</span> <span class='ocrx_word' id='word_1_123' title='bbox 967 2198 1107 2261; x_wconf 89' lang='lat' dir='ltr'>fabulari</span> <span class='ocrx_word' id='word_1_124' title='bbox 1139 2199 1334 2260; x_wconf 87' lang='lat' dir='ltr'>continentes</span> <span class='ocrx_word' id='word_1_125' title='bbox 1363 2204 1470 2282; x_wconf 87' lang='lat' dir='ltr'>partes</span> 
     </span>
     <span class='ocr_line' id='line_1_17' title="bbox 287 2305 1151 2391; baseline 0 -24"><span class='ocrx_word' id='word_1_126' title='bbox 287 2325 370 2388; x_wconf 88' lang='lat' dir='ltr'>enm</span> <span class='ocrx_word' id='word_1_127' title='bbox 394 2307 559 2390; x_wconf 87' lang='lat' dir='ltr'>accepisse,</span> <span class='ocrx_word' id='word_1_128' title='bbox 584 2326 662 2391; x_wconf 90' lang='lat' dir='ltr'>quas</span> <span class='ocrx_word' id='word_1_129' title='bbox 686 2306 834 2369; x_wconf 89' lang='lat' dir='ltr'>aedificiis</span> <span class='ocrx_word' id='word_1_130' title='bbox 860 2308 923 2369; x_wconf 90' lang='lat' dir='ltr'>suis</span> <span class='ocrx_word' id='word_1_131' title='bbox 948 2305 1151 2368; x_wconf 89' lang='lat' dir='ltr'>substrueret.</span> 
     </span>
    </p>

    <p class='ocr_par' dir='ltr' id='par_1_4' title="bbox 298 2410 1473 3679">
     <span class='ocr_line' id='line_1_18' title="bbox 404 2410 1470 2498; baseline -0.002 -24"><span class='ocrx_word' id='word_1_132' title='bbox 404 2412 548 2498; x_wconf 86' lang='lat' dir='ltr'>Apparet</span> <span class='ocrx_word' id='word_1_133' title='bbox 571 2413 699 2475; x_wconf 84' lang='lat' dir='ltr'>maximi</span> <span class='ocrx_word' id='word_1_134' title='bbox 725 2434 792 2476; x_wconf 90' lang='lat' dir='ltr'>esse</span> <span class='ocrx_word' id='word_1_135' title='bbox 816 2415 975 2496; x_wconf 89' lang='lat' dir='ltr'>momenti,</span> <span class='ocrx_word' id='word_1_136' title='bbox 999 2419 1034 2476; x_wconf 93' lang='lat' dir='ltr'>ut</span> <span class='ocrx_word' id='word_1_137' title='bbox 1064 2412 1280 2497; x_wconf 89' lang='lat' dir='ltr'>compositioni</span> <span class='ocrx_word' id='word_1_138' title='bbox 1301 2410 1470 2474; x_wconf 88' lang='lat' dir='ltr'>Metamor-</span> 
     </span>
     <span class='ocr_line' id='line_1_19' title="bbox 298 2515 1469 2606; baseline -0.003 -25"><span class='ocrx_word' id='word_1_139' title='bbox 298 2518 436 2604; x_wconf 89' lang='lat' dir='ltr'>phoseon</span> <span class='ocrx_word' id='word_1_140' title='bbox 465 2523 604 2583; x_wconf 89' lang='lat' dir='ltr'>animum</span> <span class='ocrx_word' id='word_1_141' title='bbox 628 2519 825 2584; x_wconf 88' lang='lat' dir='ltr'>attendamus</span> <span class='ocrx_word' id='word_1_142' title='bbox 850 2541 945 2606; x_wconf 87' lang='lat' dir='ltr'>quam</span> <span class='ocrx_word' id='word_1_143' title='bbox 968 2518 1216 2604; x_wconf 84' lang='lat' dir='ltr'>diligentissime.</span> <span class='ocrx_word' id='word_1_144' title='bbox 1253 2516 1369 2582; x_wconf 91' lang='lat' dir='ltr'>Aulaei</span> <span class='ocrx_word' id='word_1_145' title='bbox 1393 2515 1469 2582; x_wconf 47' lang='lat' dir='ltr'>Ovis</span> 
     </span>
     <span class='ocr_line' id='line_1_20' title="bbox 299 2625 1468 2712; baseline 0.001 -24"><span class='ocrx_word' id='word_1_146' title='bbox 299 2625 384 2689; x_wconf 91' lang='lat' dir='ltr'>diani</span> <span class='ocrx_word' id='word_1_147' title='bbox 407 2628 543 2712; x_wconf 89' lang='lat' dir='ltr'>primum</span> <span class='ocrx_word' id='word_1_148' title='bbox 567 2626 780 2691; x_wconf 87' lang='lat' dir='ltr'>discernamus</span> <span class='ocrx_word' id='word_1_149' title='bbox 804 2649 930 2691; x_wconf 90' lang='lat' dir='ltr'>necesse</span> <span class='ocrx_word' id='word_1_150' title='bbox 946 2635 993 2691; x_wconf 92' lang='lat' dir='ltr'>est</span> <span class='ocrx_word' id='word_1_151' title='bbox 1008 2628 1097 2710; x_wconf 91' lang='lat' dir='ltr'>telas,</span> <span class='ocrx_word' id='word_1_152' title='bbox 1121 2627 1151 2690; x_wconf 95' lang='lat' dir='ltr'>h.</span> <span class='ocrx_word' id='word_1_153' title='bbox 1166 2648 1193 2690; x_wconf 91' lang='lat' dir='ltr'>e.</span> <span class='ocrx_word' id='word_1_154' title='bbox 1208 2625 1384 2712; x_wconf 90' lang='lat' dir='ltr'>compendii</span> <span class='ocrx_word' id='word_1_155' title='bbox 1400 2647 1468 2710; x_wconf 83' lang='lat' dir='ltr'>my·</span> 
     </span>
     <span class='ocr_line' id='line_1_21' title="bbox 298 2731 1471 2821; baseline -0.001 -26"><span class='ocrx_word' id='word_1_156' title='bbox 298 2733 447 2819; x_wconf 86' lang='lat' dir='ltr'>tholegici</span> <span class='ocrx_word' id='word_1_157' title='bbox 480 2734 615 2817; x_wconf 89' lang='lat' dir='ltr'>fabulas,</span> <span class='ocrx_word' id='word_1_158' title='bbox 647 2744 712 2799; x_wconf 89' lang='lat' dir='ltr'>tum</span> <span class='ocrx_word' id='word_1_159' title='bbox 744 2735 970 2821; x_wconf 89' lang='lat' dir='ltr'>quaerendum,</span> <span class='ocrx_word' id='word_1_160' title='bbox 1000 2756 1081 2820; x_wconf 90' lang='lat' dir='ltr'>quae</span> <span class='ocrx_word' id='word_1_161' title='bbox 1112 2734 1183 2797; x_wconf 87' lang='lat' dir='ltr'>licia</span> <span class='ocrx_word' id='word_1_162' title='bbox 1213 2734 1284 2797; x_wconf 88' lang='lat' dir='ltr'>telis</span> <span class='ocrx_word' id='word_1_163' title='bbox 1315 2731 1471 2796; x_wconf 88' lang='lat' dir='ltr'>addiderit</span> 
     </span>
     <span class='ocr_line' id='line_1_22' title="bbox 299 2839 1471 2928; baseline -0.004 -23"><span class='ocrx_word' id='word_1_164' title='bbox 299 2863 443 2928; x_wconf 89' lang='lat' dir='ltr'>quaeque</span> <span class='ocrx_word' id='word_1_165' title='bbox 467 2851 649 2906; x_wconf 90' lang='lat' dir='ltr'>ornamenta</span> <span class='ocrx_word' id='word_1_166' title='bbox 673 2843 712 2905; x_wconf 92' lang='lat' dir='ltr'>dc</span> <span class='ocrx_word' id='word_1_167' title='bbox 727 2863 782 2906; x_wconf 91' lang='lat' dir='ltr'>suo</span> <span class='ocrx_word' id='word_1_168' title='bbox 798 2842 978 2906; x_wconf 84' lang='lat' dir='ltr'>intexuerit.</span> <span class='ocrx_word' id='word_1_169' title='bbox 1004 2840 1088 2904; x_wconf 86' lang='lat' dir='ltr'>Nam</span> <span class='ocrx_word' id='word_1_170' title='bbox 1103 2840 1237 2926; x_wconf 89' lang='lat' dir='ltr'>demptis</span> <span class='ocrx_word' id='word_1_171' title='bbox 1252 2840 1301 2923; x_wconf 94' lang='lat' dir='ltr'>iis,</span> <span class='ocrx_word' id='word_1_172' title='bbox 1316 2860 1397 2924; x_wconf 92' lang='lat' dir='ltr'>quae</span> <span class='ocrx_word' id='word_1_173' title='bbox 1412 2839 1471 2902; x_wconf 86' lang='lat' dir='ltr'>ali·</span> 
     </span>
     <span class='ocr_line' id='line_1_23' title="bbox 299 2945 1471 3036; baseline -0.003 -23"><span class='ocrx_word' id='word_1_174' title='bbox 299 2949 383 3013; x_wconf 92' lang='lat' dir='ltr'>unde</span> <span class='ocrx_word' id='word_1_175' title='bbox 411 2949 595 3036; x_wconf 86' lang='lat' dir='ltr'>deprompta</span> <span class='ocrx_word' id='word_1_176' title='bbox 624 2957 705 3034; x_wconf 89' lang='lat' dir='ltr'>sunt,</span> <span class='ocrx_word' id='word_1_177' title='bbox 735 2949 879 3035; x_wconf 88' lang='lat' dir='ltr'>cognosci</span> <span class='ocrx_word' id='word_1_178' title='bbox 908 2947 1035 3012; x_wconf 91' lang='lat' dir='ltr'>demum</span> <span class='ocrx_word' id='word_1_179' title='bbox 1057 2955 1174 3034; x_wconf 87' lang='lat' dir='ltr'>potest,</span> <span class='ocrx_word' id='word_1_180' title='bbox 1204 2969 1281 3011; x_wconf 93' lang='lat' dir='ltr'>num</span> <span class='ocrx_word' id='word_1_181' title='bbox 1312 2967 1348 3010; x_wconf 89' lang='lat' dir='ltr'>eo</span> <span class='ocrx_word' id='word_1_182' title='bbox 1378 2945 1471 3010; x_wconf 89' lang='lat' dir='ltr'>modo</span> 
     </span>
     <span class='ocr_line' id='line_1_24' title="bbox 300 3052 1472 3140; baseline -0.003 -21"><span class='ocrx_word' id='word_1_183' title='bbox 300 3057 437 3138; x_wconf 87' lang='lat' dir='ltr'>fabulae,</span> <span class='ocrx_word' id='word_1_184' title='bbox 463 3077 543 3140; x_wconf 90' lang='lat' dir='ltr'>quae</span> <span class='ocrx_word' id='word_1_185' title='bbox 566 3064 695 3140; x_wconf 89' lang='lat' dir='ltr'>restant,</span> <span class='ocrx_word' id='word_1_186' title='bbox 719 3057 916 3136; x_wconf 86' lang='lat' dir='ltr'>cohaereant,</span> <span class='ocrx_word' id='word_1_187' title='bbox 940 3064 976 3119; x_wconf 91' lang='lat' dir='ltr'>ut</span> <span class='ocrx_word' id='word_1_188' title='bbox 991 3055 1031 3118; x_wconf 91' lang='lat' dir='ltr'>ad</span> <span class='ocrx_word' id='word_1_189' title='bbox 1049 3053 1269 3140; x_wconf 92' lang='lat' dir='ltr'>compendium</span> <span class='ocrx_word' id='word_1_190' title='bbox 1285 3052 1472 3118; x_wconf 83' lang='lat' dir='ltr'>referendae</span> 
     </span>
     <span class='ocr_line' id='line_1_25' title="bbox 300 3159 1471 3249; baseline -0.005 -21"><span class='ocrx_word' id='word_1_191' title='bbox 300 3165 371 3228; x_wconf 88' lang='lat' dir='ltr'>sint.</span> <span class='ocrx_word' id='word_1_192' title='bbox 408 3164 515 3249; x_wconf 90' lang='lat' dir='ltr'>Atque</span> <span class='ocrx_word' id='word_1_193' title='bbox 538 3161 816 3248; x_wconf 76' lang='lat' dir='ltr'>Vollgraffium,1⁴)</span> <span class='ocrx_word' id='word_1_194' title='bbox 840 3165 894 3248; x_wconf 92' lang='lat' dir='ltr'>qui</span> <span class='ocrx_word' id='word_1_195' title='bbox 918 3183 1019 3248; x_wconf 91' lang='lat' dir='ltr'>nuper</span> <span class='ocrx_word' id='word_1_196' title='bbox 1043 3162 1176 3225; x_wconf 89' lang='lat' dir='ltr'>eandem</span> <span class='ocrx_word' id='word_1_197' title='bbox 1200 3162 1415 3247; x_wconf 89' lang='lat' dir='ltr'>quaestionem</span> <span class='ocrx_word' id='word_1_198' title='bbox 1432 3159 1471 3223; x_wconf 94' lang='lat' dir='ltr'>de</span> 
     </span>
     <span class='ocr_line' id='line_1_26' title="bbox 301 3267 1473 3354; baseline -0.004 -21"><span class='ocrx_word' id='word_1_199' title='bbox 301 3270 436 3335; x_wconf 87' lang='lat' dir='ltr'>fabulari</span> <span class='ocrx_word' id='word_1_200' title='bbox 463 3271 542 3334; x_wconf 91' lang='lat' dir='ltr'>libro</span> <span class='ocrx_word' id='word_1_201' title='bbox 566 3271 606 3334; x_wconf 89' lang='lat' dir='ltr'>ab</span> <span class='ocrx_word' id='word_1_202' title='bbox 630 3270 744 3334; x_wconf 88' lang='lat' dir='ltr'>Ovidio</span> <span class='ocrx_word' id='word_1_203' title='bbox 768 3267 909 3334; x_wconf 89' lang='lat' dir='ltr'>adhibito</span> <span class='ocrx_word' id='word_1_204' title='bbox 934 3270 1020 3354; x_wconf 87' lang='lat' dir='ltr'>adiit,</span> <span class='ocrx_word' id='word_1_205' title='bbox 1050 3271 1132 3332; x_wconf 91' lang='lat' dir='ltr'>hanc</span> <span class='ocrx_word' id='word_1_206' title='bbox 1154 3269 1322 3354; x_wconf 90' lang='lat' dir='ltr'>praecipue</span> <span class='ocrx_word' id='word_1_207' title='bbox 1345 3273 1473 3352; x_wconf 89' lang='lat' dir='ltr'>propter</span> 
     </span>
     <span class='ocr_line' id='line_1_27' title="bbox 301 3374 1472 3464; baseline -0.005 -22"><span class='ocrx_word' id='word_1_208' title='bbox 301 3400 366 3442; x_wconf 90' lang='lat' dir='ltr'>rem</span> <span class='ocrx_word' id='word_1_209' title='bbox 390 3399 503 3462; x_wconf 92' lang='lat' dir='ltr'>parum</span> <span class='ocrx_word' id='word_1_210' title='bbox 526 3378 696 3464; x_wconf 86' lang='lat' dir='ltr'>profecisse</span> <span class='ocrx_word' id='word_1_211' title='bbox 720 3378 877 3462; x_wconf 84' lang='lat' dir='ltr'>existimo,</span> <span class='ocrx_word' id='word_1_212' title='bbox 902 3376 986 3461; x_wconf 91' lang='lat' dir='ltr'>quod</span> <span class='ocrx_word' id='word_1_213' title='bbox 1010 3376 1103 3439; x_wconf 92' lang='lat' dir='ltr'>nimis</span> <span class='ocrx_word' id='word_1_214' title='bbox 1127 3378 1159 3439; x_wconf 94' lang='lat' dir='ltr'>in</span> <span class='ocrx_word' id='word_1_215' title='bbox 1182 3377 1323 3459; x_wconf 86' lang='lat' dir='ltr'>singulas</span> <span class='ocrx_word' id='word_1_216' title='bbox 1347 3374 1472 3437; x_wconf 86' lang='lat' dir='ltr'>fabulas</span> 
     </span>
     <span class='ocr_line' id='line_1_28' title="bbox 300 3481 1472 3572; baseline -0.004 -23"><span class='ocrx_word' id='word_1_217' title='bbox 300 3487 471 3572; x_wconf 84' lang='lat' dir='ltr'>inquisivit,</span> <span class='ocrx_word' id='word_1_218' title='bbox 496 3492 675 3550; x_wconf 83' lang='lat' dir='ltr'>contextum</span> <span class='ocrx_word' id='word_1_219' title='bbox 699 3492 804 3548; x_wconf 91' lang='lat' dir='ltr'>autem</span> <span class='ocrx_word' id='word_1_220' title='bbox 828 3484 1009 3548; x_wconf 89' lang='lat' dir='ltr'>fabularum</span> <span class='ocrx_word' id='word_1_221' title='bbox 1033 3483 1209 3570; x_wconf 90' lang='lat' dir='ltr'>quibusque</span> <span class='ocrx_word' id='word_1_222' title='bbox 1232 3481 1366 3546; x_wconf 88' lang='lat' dir='ltr'>vinculis</span> <span class='ocrx_word' id='word_1_223' title='bbox 1390 3482 1472 3544; x_wconf 91' lang='lat' dir='ltr'>inter</span> 
     </span>
     <span class='ocr_line' id='line_1_29' title="bbox 301 3593 851 3679; baseline -0.004 -21"><span class='ocrx_word' id='word_1_224' title='bbox 301 3616 334 3658; x_wconf 91' lang='lat' dir='ltr'>se</span> <span class='ocrx_word' id='word_1_225' title='bbox 357 3594 544 3658; x_wconf 90' lang='lat' dir='ltr'>cohaereant</span> <span class='ocrx_word' id='word_1_226' title='bbox 565 3614 678 3679; x_wconf 91' lang='lat' dir='ltr'>parum</span> <span class='ocrx_word' id='word_1_227' title='bbox 701 3593 851 3677; x_wconf 86' lang='lat' dir='ltr'>respexit.</span> 
     </span>
    </p>
   </div>
   <div class='ocr_carea' id='block_1_4' title="bbox 409 4483 1099 4557">
    <p class='ocr_par' dir='ltr' id='par_1_5' title="bbox 409 4483 1099 4557">
     <span class='ocr_line' id='line_1_30' title="bbox 409 4483 1099 4557; baseline 0.013 -20"><span class='ocrx_word' id='word_1_228' title='bbox 409 4484 441 4556; x_wconf 83' lang='lat'>¹⁴)</span> <span class='ocrx_word' id='word_1_229' title='bbox 461 4486 501 4539; x_wconf 91' lang='lat' dir='ltr'>De</span> <span class='ocrx_word' id='word_1_230' title='bbox 522 4483 599 4539; x_wconf 84' lang='lat' dir='ltr'>Ovidi</span> <span class='ocrx_word' id='word_1_231' title='bbox 617 4484 803 4557; x_wconf 75' lang='lat' dir='ltr'>mythopoeia,</span> <span class='ocrx_word' id='word_1_232' title='bbox 827 4483 899 4540; x_wconf 62' lang='lat' dir='ltr'>Diss,</span> <span class='ocrx_word' id='word_1_233' title='bbox 918 4483 1007 4539; x_wconf 85' lang='lat' dir='ltr'>Berol·</span> <span class='ocrx_word' id='word_1_234' title='bbox 1023 4483 1099 4539; x_wconf 84' lang='lat'>1901·</span> 
     </span>
    </p>
   </div>
   <div class='ocr_carea' id='block_1_5' title="bbox 0 0 1691 5184">
    <p class='ocr_par' dir='ltr' id='par_1_6' title="bbox 0 0 1691 5184">
     <span class='ocr_line' id='line_1_31' title="bbox 0 0 1691 5184; baseline 0 0"><span class='ocrx_word' id='word_1_235' title='bbox 0 0 1691 5184; x_wconf 95' lang='lat' dir='ltr'> </span> 
     </span>
    </p>
   </div>
  </div>
 </body>
</html>
