3350 5184
631 371 905 438 ·-11-a

208 572 342 638 botouus
365 571 546 658 exemplum
563 593 654 635 suum
671 573 837 656 expressit,
861 571 955 636 valde
976 568 1212 656 comprehendit
1227 591 1275 654 ea,
1299 589 1380 656 quae

208 683 241 744 in
267 681 352 744 libris
376 678 579 744 VIII--Xlr
612 681 770 764 leguntur,
801 698 903 764 neque
933 678 1076 742 ordinem
1105 698 1211 742 rerum
1241 677 1381 762 exempli

208 789 255 850 sui
280 789 427 852 servavit.
461 787 512 850 Ita
531 785 709 870 aVergilio
734 783 915 870 discrepans
938 785 1036 848 Turni
1061 784 1101 848 ad
1125 784 1313 848 Diomedem
1337 785 1380 846 le-

209 897 367 980 gationem
401 901 474 958 ante
508 915 647 979 pugnam
677 895 822 956 navalem
854 894 968 956 factam
998 913 1159 976 navesque
1189 891 1317 955 Aeneae
1348 894 1381 954 in

209 1002 363 1088 nymphas
387 1003 625 1066 transformatas
649 1001 810 1064 dimissam
834 1022 903 1063 esse
927 999 1010 1062 dicit.

316 1108 379 1172 Sed
392 1111 566 1172 accuratius
579 1110 794 1172 examinemus
807 1129 861 1170 cas
875 1107 1010 1189 fabulas,
1023 1127 1112 1190 quas,
1125 1127 1194 1169 cum
1207 1104 1381 1189 aVergilio

208 1216 335 1279 brevius
363 1220 581 1296 tractarentur,
611 1215 743 1279 Ovidius
772 1235 827 1278 suo
856 1236 944 1277 more
972 1214 1117 1277 dilatavit
1145 1219 1176 1275 et
1204 1215 1379 1277 exornavit.

315 1323 354 1385 In
378 1344 415 1385 ea
439 1322 566 1408 quidem
581 1342 661 1406 quae
677 1331 724 1385 cst
739 1322 779 1384 de
794 1321 959 1384 Diomedis
975 1322 1067 1384 sociis
1083 1322 1115 1383 in
1130 1342 1205 1384 aves
1221 1323 1381 1385 conversis

209 1429 318 1493 fabula
333 1428 491 1492 narranda
514 1429 718 1510 (458-511)
742 1428 903 1491 Nasonem
922 1438 1047 1513 praeter
1063 1427 1242 1512 Vergilium
1263 1428 1380 1490 fontem

208 1537 391 1622 ampliorem
401 1534 439 1618 12)
454 1534 635 1599 adhibuisse
654 1544 821 1621 propterea
840 1535 1040 1598 statuendum
1061 1542 1117 1617 est,
1141 1534 1223 1620 quod
1245 1555 1313 1596 rem
1332 1556 1381 1597 ae-

208 1643 345 1705 curatius
359 1650 481 1723 narrat;
506 1644 550 1705 ita
566 1642 683 1705 iudicat
698 1664 728 1705 v.
745 1644 808 1706 508
826 1663 865 1705 ss.
888 1643 997 1726 quales
1012 1641 1204 1704 Diomedeae
1219 1661 1295 1704 aves
1308 1644 1381 1723 sint,

208 1771 278 1812 cum
293 1747 454 1834 Vergilius
470 1748 521 1812 XI
538 1751 601 1812 273
617 1772 640 1812 s.
659 1751 806 1812 universe
826 1749 865 1811 de
884 1748 997 1811 avibus
1017 1748 1209 1833 aquatilibus
1225 1750 1381 1833 loquatur.

168 1891 170 1896 =
208 1856 359 1920 Attamen
389 1863 520 1942 apparet
550 1856 699 1920 Ovidium
730 1856 872 1919 fabulam
902 1856 1044 1918 attulisse
1067 1854 1203 1939 Vergilii
1235 1858 1383 1941 exemplo
1481 1931 1487 1942 ,

208 1973 406 2046 commotum,
432 1964 485 2049 qui
503 1985 572 2026 eam
596 1965 707 2027 leviter
731 1963 833 2048 tetigit
852 1964 885 2025 in
900 1964 948 2045 iis,
974 1984 1054 2048 quae
1071 1962 1240 2025 Diomedes
1254 1963 1381 2026 Venulo

208 2069 369 2156 respondit
392 2069 485 2148 (Aen.
513 2069 574 2153 XI,
600 2070 800 2151 atr-274).
849 2068 928 2133 Oum
957 2076 1062 2132 autem
1092 2069 1178 2154 apud
1201 2068 1381 2153 Vergilium

208 2177 352 2240 Venulus
385 2197 570 2262 responsum
606 2176 683 2239 illud
715 2175 755 2239 ad
788 2175 930 2239 Turnum
963 2175 1107 2260 referret,
1139 2175 1272 2239 Ovidius
1305 2176 1382 2239 Dio·

209 2282 333 2348 medem
357 2286 459 2370 ipsum
483 2286 662 2369 loquentem
687 2283 813 2347 induxit
837 2283 915 2365 (464
938 2285 992 2366 ss).
1032 2282 1079 2346 Ac
1108 2283 1311 2346 manifestum
1336 2294 1383 2347 est

208 2391 268 2454 hoc
298 2412 370 2454 eum
401 2391 522 2473 fecisse,
554 2399 588 2454 ut
612 2390 803 2454 commodius
826 2391 972 2454 versibus
995 2392 1152 2454 intexeret
1176 2391 1318 2453 fabulam
1341 2391 1381 2454 de

208 2505 334 2583 pastore
348 2498 454 2582 Apulo
479 2520 497 2560 a
513 2497 660 2583 nymphis
676 2499 709 2561 in
724 2500 893 2561 oleastrum
909 2504 1029 2560 mutato
1045 2498 1260 2580 (512-526),
1285 2519 1380 2582 quam

208 2602 368 2668 Venulum
384 2607 417 2667 in
431 2606 553 2688 itinere,
578 2627 648 2668 cum
665 2605 698 2668 in
712 2605 872 2689 Messapia
888 2612 1013 2667 antrum
1029 2604 1240 2689 nympharum
1258 2606 1380 2687 viseret,

208 2715 396 2797 comperisse
419 2713 519 2797 fingit.

315 2820 470 2893 Fabulam
501 2827 606 2882 autem
630 2819 668 2883 dc
694 2820 825 2883 navibus
849 2819 979 2883 Aeneae
1003 2820 1035 2882 in
1058 2820 1214 2905 nymphas
1245 2822 1381 2909 mutatis,

209 2948 303 3011 quam
327 2933 434 2988 narrat
458 2926 620 3010 Vergilius
645 2925 696 2989 IX
723 2926 862 3009 1--122,
887 2924 1019 2990 Ovidius
1043 2925 1127 2989 XIV
1144 2927 1319 2989 530--565
1336 2926 1381 2990 ita

208 3032 426 3114 conformavit,
456 3041 490 3095 ut
514 3033 625 3095 leviter
654 3031 746 3095 modo
778 3031 809 3095 id
838 3037 983 3116 tangeret
1006 3035 1070 3095 535
1093 3054 1129 3115 s,
1160 3033 1246 3118 quod
1268 3032 1383 3118 Vergi-

209 3140 269 3201 lius
285 3140 436 3202 77-106
463 3140 524 3202 late
550 3140 695 3224 explicat,
721 3141 836 3202 scilicet
855 3139 985 3202 Aeneae
1008 3161 1105 3204 naves
1124 3139 1220 3202 Matri
1244 3162 1383 3226 magnae

209 3255 330 3310 sanetas
354 3246 462 3330 fuisse,
488 3247 588 3332 ipsam
612 3255 717 3309 autem
740 3247 955 3329 mutationem,
980 3269 1074 3332 quam
1091 3247 1254 3332 Vergilius
1275 3250 1383 3333 paucis

207 3352 312 3418 verbis
336 3361 453 3436 narrat,
478 3353 624 3416 dilataret
647 3354 868 3438 coloribusque
892 3364 1068 3417 exornaret.
1117 3353 1181 3416 Sed
1204 3375 1267 3418 non
1290 3355 1382 3418 modo

206 3460 393 3546 Vergiliana
416 3461 590 3543 exornavit,
614 3463 836 3526 verumetiam
850 3461 975 3524 addidit
991 3460 1084 3524 hacc:
1109 3461 1238 3524 naidum
1255 3462 1381 3525 illarum

207 3589 272 3632 mos
289 3568 386 3631 fuisse
402 3568 536 3631 navibus
551 3567 767 3631 laborantibus
784 3589 964 3631 succurrere
979 3570 1120 3654 exceptis
1132 3567 1272 3651 Graecis,
1287 3576 1382 3654 atque

208 3678 305 3739 laetas
329 3697 381 3739 eas
409 3675 524 3738 vidisse
548 3675 653 3740 Ulixis
681 3697 795 3739 navem
818 3676 910 3739 Jovis
938 3675 1070 3739 fulmine
1096 3677 1227 3738 fractam
1251 3676 1304 3757 (ef.
1321 3675 1380 3740 Od.

208 3781 277 3846 XII
293 3784 355 3845 417
372 3784 427 3865 ss.)
451 3783 640 3867 Alcinoique
665 3784 826 3868 navigium
852 3783 884 3845 in
908 3804 1021 3846 saxum
1044 3804 1238 3846 conversum.
1251 3780 1288 3865 ¹³)

316 3923 348 3991 ¹²)
368 3925 407 3976 Dc
420 3924 500 3990 fonte,
520 3940 598 3992 quern
612 3922 722 3976 Ovidius
741 3923 900 3990 adhibuerit,
920 3922 952 3975 ef.
965 3923 1075 3976 Ehwald
1090 3925 1116 3976 in
1130 3931 1218 3976 annot.
1239 3923 1273 3977 ad
1286 3941 1310 3977 v.
1322 3928 1382 3991 484,

208 4013 250 4064 cui
270 4011 415 4065 adsentitur
434 4015 466 4066 R.
480 4015 574 4080 Ritter,
595 4015 635 4067 De
649 4014 768 4067 Varrone
782 4014 893 4082 Vergilii
912 4021 1020 4066 auctore
1039 4032 1065 4081 p.
1082 4018 1127 4079 113
1147 4014 1217 4066 Diss.
1232 4013 1293 4066 Hal.
1306 4018 1381 4067 1901.

207 4103 301 4169 Neque
321 4102 409 4169 inepte
429 4102 548 4156 conferas
574 4120 633 4157 cum
656 4121 680 4156 v.
695 4107 746 4157 los
759 4120 788 4168 s,
808 4119 877 4171 quae
896 4106 986 4156 Autcn
1007 4103 1086 4155 Liber
1105 4107 1139 4156 37
1159 4102 1236 4155 dicit:
1264 4106 1334 4171 „erret
1356 4110 1382 4155 δὲ

207 4194 411 4257 παραγενόμενον
431 4193 503 4243 obrdv
524 4198 587 4258 lyve)
601 4193 734 4244 Aabvtos‘d
748 4195 870 4258 βασιλεὺζ
880 4196 893 4242 ὁ
907 4205 954 4243 τῶν
968 4193 1088 4255 Δαυνίων,
1111 4194 1201 4253 ἐδεήθη
1215 4197 1257 4242 τὸν
1271 4197 1382 4260 πόλεμον

207 4281 269 4343 citrei
290 4287 475 4348 συμπολεμῆσαι
487 4286 554 4346 πρὸς
564 4285 726 4334 Μεσσαπίους
736 4283 775 4333 ἐπὶ
787 4286 859 4349 μέρει
872 4292 920 4346 γῆξ
928 4287 966 4332 καὶ
981 4284 1049 4347 γάμῳ
1067 4285 1196 4346 θυγατμὸζ
1211 4292 1256 4344 rip?
1271 4284 1380 4334 ἑαυτοῐ1,“

318 4370 350 4439 ¹³)
370 4371 447 4424 Unde
466 4368 591 4424 fluxerint
604 4371 705 4425 Naides
724 4373 892 4436 auxiliantes,
912 4370 1024 4423 Ehwald
1043 4371 1158 4425 ostendit
1170 4373 1196 4423 iu
1210 4378 1297 4424 annot.
1312 4371 1345 4424 ad
1358 4390 1382 4424 v.

207 4463 267 4514 561.
287 4459 390 4514 Similia
409 4461 479 4514 enim
496 4468 617 4514 auctores
637 4469 745 4515 narrant
762 4460 794 4514 de
815 4459 969 4513 Diomedeis
987 4460 1089 4525 avibus,
1109 4461 1141 4512 cf.
1158 4460 1288 4528 Lycophr.
1304 4464 1383 4516 Alex.

1135 4616 1167 4728 s

1134 4729 1222 4789 :2115
1246 4732 1263 4770 l·
1288 4770 1297 4778 .
1319 4718 1430 4778 ..siff
1462 4700 1470 4751 l

1140 4828 1146 4845 1
1285 4819 1321 4854 (f
1450 4758 1470 4847 l

1148 4860 1180 4926 Χ,
1201 4890 1233 4931 (7,
1390 4898 1394 4906 -
1429 4866 1442 4893 ‘¹

1203 4923 1218 4933 Q
1337 4921 1342 4931 Ι
1387 4901 1424 4925 'l'

1282 4926 1286 4938 t
1406 4934 1407 4937 t
