3350 5184
652 394 872 458 ..19-.

169 591 314 677 Veneris,
332 592 476 679 opposuit
492 589 684 656 Actaeonem
703 598 861 676 nepotem,
878 611 940 676 quo
956 611 1047 654 nemo
1064 612 1106 655 ex
1120 590 1234 655 Cadmi
1252 596 1346 676 gente

169 702 314 763 miserius
338 699 464 762 interiit.
490 697 584 772 Quod
607 719 719 761 revera
737 697 877 761 indicant
898 719 1018 779 versus,
1043 697 1157 782 quibus
1179 696 1292 761 Oadmi
1315 712 1348 762 et

169 804 338 872 Actaeonis
363 806 490 870 fabulae
514 808 748 888 coniunguntur
770 804 840 886 (III
871 805 1074 884 lar—lton

281 914 406 996 ,Prima
428 934 527 998 nepos
551 915 633 976 inter
655 918 701 975 tot
724 933 774 975 res
797 912 865 996 tibi,
890 911 1019 996 Cadme,
1044 912 1196 976 secundas

277 1041 371 1084 eausa
395 1021 456 1083 fuit
479 1019 609 1083 luctus.“
637 1018 715 1101 (138
729 1022 767 1098 s.)

277 1127 415 1192 Gravius
447 1127 573 1190 videtur
606 1127 740 1190 alterum
772 1126 854 1189 illud
888 1126 1066 1209 discrimen,
1102 1126 1187 1211 quod
1210 1127 1288 1191 Inus
1318 1134 1349 1190 et

171 1235 373 1299 Athamantis
396 1237 487 1320 parvi
515 1234 651 1297 altorum
675 1233 789 1298 Bacchi
820 1233 933 1299 fabula
961 1256 1035 1317 nen,
1059 1241 1095 1298 ut
1118 1242 1348 1320 exspectamus,

172 1363 242 1405 eam
257 1342 296 1405 de
310 1342 434 1406 Semela
452 1348 483 1404 et
499 1340 612 1404 Bacchi
635 1349 706 1404 ortu
728 1342 940 1428 subsequitur,
957 1341 1012 1405 sed
1027 1350 1101 1427 post
1115 1341 1250 1404 Penthei
1264 1363 1347 1405 mor·

171 1455 234 1512 tem
253 1448 393 1511 affertur.
410 1446 456 1511 At
472 1448 633 1533 opinatum
650 1454 771 1512 tantum
785 1468 854 1513 esse
869 1448 1037 1512 discrimen
1051 1447 1260 1533 suspicaberis
1271 1470 1342 1512 ver-

171 1556 257 1618 sibus
282 1554 331 1619 lv
348 1555 534 1638 tic-431,
559 1555 673 1637 quibus
697 1557 836 1620 narratio
857 1556 1032 1638 inchoatur,
1057 1563 1175 1619 attente
1191 1557 1347 1641 perlectis.

171 1661 280 1736 Quid?
305 1662 434 1725 alumno
452 1664 513 1724 iam
530 1661 637 1725 adulte
656 1664 780 1748 iamque
794 1685 901 1726 rerum
923 1672 1082 1748 gestarum
1099 1664 1201 1747 gloria
1215 1663 1346 1726 florente

172 1769 330 1832 Junonem
364 1770 490 1833 demum
523 1771 555 1832 in
585 1769 701 1832 Bacchi
735 1769 918 1834 educatores
952 1773 999 1834 ira
1032 1771 1189 1833 exarsisse
1214 1768 1348 1834 Ovidius

171 1877 261 1940 nobis
285 1876 475 1962 persuadere
499 1876 618 1940 studet!
652 1877 702 1940 En
724 1885 837 1962 poetae
862 1877 1000 1959 fraudes,
1025 1879 1089 1964 qui,
1114 1898 1185 1940 cuin
1202 1877 1344 1941 fabulam

174 2006 215 2046 ex
238 1985 316 2066 loce,
342 2005 402 2069 quo
428 1985 489 2067 legi
516 1985 603 2065 solet,
623 1984 782 2067 movisset,
807 1983 974 2047 exordium
990 1983 1031 2048 ad
1045 1989 1198 2048 mutatam
1221 1984 1349 2048 fabulae

173 2090 279 2153 sedem
303 2088 557 2154 accommodavit.
605 2089 754 2154 Ceterum
777 2071 929 2155 clidium
953 2113 1022 2154 eam
1046 2091 1156 2154 eedem
1180 2091 1259 2175 loco,
1286 2112 1348 2177 qno

173 2199 205 2260 in
232 2197 422 2261 bibliotheca
453 2198 622 2281 invenitur,
654 2199 768 2282 legisse
799 2220 909 2263 versus
940 2201 1086 2280 clamant,
1120 2202 1173 2285 qui
1203 2200 1346 2263 Semelae

173 2303 316 2368 fabulam
340 2303 572 2390 subsequuntur
596 2305 664 2386 (ΙΙΙ
690 2306 753 2368 310
779 2306 854 2388 ss.):

284 2411 493 2497 „inperfectus
517 2411 619 2475 adhuc
642 2411 748 2475 infans
771 2413 939 2497 genetricis
963 2412 1003 2476 ab
1027 2413 1100 2477 alvo

280 2520 412 2605 eripitur
435 2520 600 2605 patrioque
623 2525 711 2582 tener
734 2519 773 2600 (si
798 2519 927 2583 credere
951 2518 1082 2604 dignum
1106 2521 1166 2602 est)

284 2628 416 2690 insuitur
441 2627 553 2690 femori
577 2633 782 2711 maternaque
806 2634 949 2711 tempora
972 2629 1108 2713 conplet.

281 2735 390 2796 furtim
414 2735 503 2796 illum
526 2735 635 2818 primis
660 2733 718 2797 Ino
742 2740 913 2798 matertera
936 2738 1024 2797 cunis

280 2841 402 2923 educat,
427 2840 499 2903 inde
524 2839 632 2903 datum
655 2840 825 2927 Nymphae
849 2841 1008 2926 Nyseides
1032 2844 1130 2906 antris

281 2948 443 3010 occuluere
468 2949 531 3010 suis
556 2949 707 3033 lactisque
732 2949 880 3012 alimenta
904 2948 1049 3013 dedere.“

229 3047 231 3052 ’
281 3051 474 3126 Quibuscum
498 3057 576 3116 mire
600 3061 787 3138 congruunt,
812 3076 893 3140 quae
910 3055 1123 3141 Apollodorus
1143 3058 1254 3121 eodem
1282 3059 1348 3122 loco

175 3161 305 3224 exhibet
328 3160 382 3241 (at
400 3161 472 3242 ssl:

286 3268 445 3354 ,Xentlyc
481 3268 516 3331 δὲ
554 3268 606 3331 διὰ
643 3269 697 3331 τὸν
728 3269 831 3355 eripior
862 3269 1055 3358 ἐκλιπούσης,
1091 3271 1288 3358 {suppecias
1316 3273 1351 3335 τὸ

174 3374 299 3460 βρέρος
322 3374 527 3459 ἐξαμβλωθὲν
552 3377 584 3438 ἐκ
603 3377 657 3438 τοῦ
675 3377 778 3462 σορὸς
798 3374 947 3462 ἁρπάσας
962 3378 1116 3463 ἐνέρραψε
1132 3377 1178 3463 τῷ
1192 3377 1305 3466 μηρῷ.
1321 3429 1327 3442 .
1343 3430 1349 3442 .

175 3482 192 3562 ξ
218 3484 274 3544 28:
303 3481 381 3544 κατὰ
410 3482 445 3544 δὲ
472 3483 527 3545 τὸν
554 3475 673 3569 χρόνον
693 3485 748 3546 τὸν
772 3482 950 3570 καθήκοντα
976 3485 1126 3548 Διὸνοσον
1150 3487 1247 3572 γεννᾷ
1268 3485 1353 3553 Ζεὺς

174 3586 274 3656 λύσας
295 3588 335 3651 τὰ
356 3587 512 3675 ῥάμματα,
544 3589 593 3653 καὶ
625 3589 753 3654 dirimam
777 3587 885 3676 Ἑρμῇ,
933 3591 950 3653 ὁ
979 3591 1015 3654 δὲ
1037 3590 1155 3677 κομίζει
1179 3594 1261 3678 πρὸς
1286 3591 1351 3654 Ἰνὼ

174 3693 224 3756 καὶ
253 3693 427 3781 Ἀθάμαντα
457 3695 507 3760 καὶ
536 3695 640 3760 attus
670 3697 797 3782 τρέρειν
826 3696 875 3765 ὡς
900 3697 1025 3784 κὸρκρν.“
1051 3701 1192 3782 sequitur
1219 3699 1297 3762 Inus
1322 3705 1352 3761 et

174 3799 374 3865 Athamantis
400 3802 517 3866 fabula.
544 3804 634 3886 §292
720 3855 725 3868 .
748 3803 815 3886 ,act
840 3804 947 3888 λαβὼν
971 3806 1066 3867 αὐτὸν
1091 3804 1169 3885 (scil.
1187 3805 1350 3886 Διόνυσον)

176 3904 288 3994 Ἑρμῆς
315 3911 396 3996 πρὸς
423 3908 551 3996 νύμρας
580 3911 721 3996 ἐκόμισεν
746 3913 779 3972 ἐν
803 3910 894 3996 ,Νύσῃ
922 3910 1130 3979 κατοικούσας
1153 3916 1210 3998 τῆς
1236 3910 1351 3986 Ἂσιάς,

175 4014 218 4084 ἃς
241 4015 371 4102 ὕστερον
391 4017 475 4085 Ζεὺς
495 4017 727 4103 καταστερίσας
749 4017 913 4104 ὠνόμασεν
930 4015 1079 4107 ‘l'a'du5.l
1092 4017 1117 4101 5)

282 4192 304 4261 ⁵)
324 4196 360 4246 M.
376 4193 496 4247 Schmidt
515 4197 540 4247 in
561 4196 675 4248 editione
690 4195 788 4264 Hygini
803 4194 952 4248 tabularum
971 4198 1078 4249 seclusit
1097 4194 1176 4248 verba
1195 4194 1212 4245 f.
1228 4200 1243 4247 2
1263 4196 1350 4263 (1n0):

177 4282 320 4348 „Athamas
339 4290 432 4350 postea
452 4315 483 4321 —
505 4285 612 4350 ledptaf‘
643 4286 679 4338 At
699 4301 730 4338 ex
751 4284 908 4352 compendio
927 4283 1033 4336 fluxisse
1052 4286 1119 4337 haec
1139 4282 1218 4334 verba
1239 4287 1349 4351 Apollo-

175 4369 255 4423 dorus
274 4374 348 4424 testis
368 4380 414 4438 est,
435 4374 571 4439 qui184‚
592 4390 651 4426 euru
664 4375 757 4426 Phrixi
777 4381 803 4426 et
816 4373 909 4426 Helles
929 4372 1044 4425 fabulam
1062 4377 1209 4433 tractasset,
1229 4374 1351 4425 similiter

176 4463 313 4515 armotavit
333 4478 362 4514 ea
382 4478 448 4528 quae
469 4470 561 4530 postca
580 4461 656 4516 hreni
676 4470 703 4517 et
723 4465 877 4518 Athamanti
896 4462 1057 4517 aeciderunt.
