3350 5184
728 348 857 409 ..58
905 384 947 393 ..

252 543 399 608 Herculis
413 543 469 606 illa
483 541 627 608 laborum
640 545 833 608 enumeratio
859 544 902 625 (r.
920 545 960 606 67
986 544 1051 626 ss),
1076 543 1203 608 brevior
1227 564 1303 606 sane
1327 564 1423 627 quam

252 654 381 737 quaein
396 650 701 737 Metamorphosibus
725 658 828 715 exstat
849 652 901 733 (cf.
917 674 948 737 p.
965 651 1030 734 55).
1063 652 1144 714 Cum
1167 658 1272 714 autem
1296 652 1423 714 omnino

251 766 412 845 appareat,
427 759 604 844 Epistulam
616 760 715 822 multo
728 760 844 822 artiore
861 761 985 823 vinculo
998 780 1068 822 oum
1080 758 1244 843 tragoedia
1256 759 1423 822 cohaerere

253 889 347 952 quam
376 865 670 951 Metamorphoseon
703 869 926 948 narrationem,
959 867 1159 951 consequitur
1183 866 1223 929 ad
1246 866 1423 950 Epistulam

253 974 380 1059 quidem
415 973 662 1059 componendam
695 974 845 1038 Ovidium
877 974 1061 1036 Trachinias
1096 974 1211 1058 legisse
1221 971 1258 1056 15)
1292 981 1323 1037 et
1353 973 1424 1036 dili-

252 1089 362 1167 gonter
377 1081 572 1163 adhibuisse3
589 1101 661 1144 oum
677 1089 782 1144 autem
797 1084 829 1144 in
843 1080 1148 1166 Metamorphosibus
1164 1080 1306 1144 fabulam
1321 1081 1423 1144 denuo

252 1194 409 1272 tractaret,
442 1189 543 1273 ipsam
576 1187 771 1272 tragoediam
804 1210 876 1252 oum
909 1190 1022 1252 iterum
1051 1210 1115 1252 non
1143 1188 1268 1272 adiisse,
1300 1188 1355 1251 sed
1383 1210 1424 1251 ex

252 1297 403 1358 memoria
426 1295 581 1379 qrraodam
599 1297 783 1380 repetivisse
803 1316 922 1376 eorum,
947 1317 1027 1379 quae
1051 1317 1092 1358 ex
1115 1295 1279 1380 tragoedia
1303 1297 1334 1357 iu
1348 1295 1424 1380 Epi-

253 1402 367 1465 stulam
382 1403 583 1465 transtulerit.
614 1403 720 1486 Atque
744 1403 842 1466 artius
858 1401 1140 1486 Metamorphoseis
1163 1402 1331 1466 cohaerere
1354 1423 1425 1465 cum

252 1509 397 1594 Epistula
432 1529 527 1592 quam
559 1530 629 1572 euin
662 1508 834 1592 tragoedia,
869 1510 1019 1592 singulari
1054 1509 1191 1593 quodam
1224 1510 1424 1572 confirmatur

252 1616 416 1700 Epistulae
439 1623 469 1678 ot
483 1615 777 1701 Metamorphoseon
800 1637 962 1697 consensu,
987 1638 1055 1679 cunr
1076 1621 1107 1679 et
1122 1617 1173 1679 hic
1191 1624 1222 1680 et
1238 1617 1302 1678 illic
1317 1624 1425 1679 contra

254 1724 416 1808 Sophoclis
440 1723 656 1786 auctoritatem
680 1730 833 1805 narretur,
858 1724 995 1808 primum
1020 1723 1148 1807 quidem
1162 1724 1202 1787 de
1216 1724 1363 1786 Herculis
1378 1725 1425 1786 in·

252 1829 403 1892 fidelitate
420 1830 600 1893 Deianiram
614 1832 797 1914 cognovisse
822 1830 908 1910 (met.
922 1830 973 1892 lX
993 1831 1051 1893 137
1069 1853 1125 1913 ss,
1150 1831 1239 1914 epist.
1257 1830 1308 1893 IX
1333 1833 1352 1893 3
1368 1851 1423 1911 ss.;

253 1937 292 1999 of.
310 1959 340 2021 p.
357 1938 423 2019 54),
449 1944 515 1999 tum
539 1937 664 2000 demum
694 1938 794 2022 ipsam
819 1937 921 2000 lolam
945 1937 1102 2000 Trachina
1132 1938 1313 2021 pervenisse
1338 1937 1423 2017 (met.

255 2044 385 2125 v.145;
414 2046 503 2128 epist.
523 2044 574 2107 IX
600 2045 659 2108 121
687 2046 751 2126 ss).
789 2042 917 2106 Addam
941 2051 972 2106 et
1000 2045 1032 2107 in
1056 2044 1200 2129 Epistula
1231 2044 1273 2125 (v.
1295 2044 1371 2125 151)
1394 2051 1425 2107 01

253 2151 285 2213 in
299 2149 604 2234 Metamorphosibus
619 2150 661 2231 (v.
679 2152 754 2232 149)
770 2150 953 2214 Deianiram
966 2152 1107 2237 profiteri
1120 2150 1249 2235 dignam
1263 2150 1424 2234 Meleagro

254 2277 392 2320 sororem
415 2277 483 2320 sese
506 2257 736 2342 praestituram.

723 3117 885 3188 CAPUT
919 3118 959 3188 t'.

530 3292 587 3369 De
618 3291 756 3369 Ovidii
786 3292 943 3370 tabulis
973 3289 1154 3369 TroiciS.

361 3507 435 3570 lam
457 3505 584 3570 brevius
608 3528 689 3589 quae
713 3513 832 3568 restant
854 3506 1054 3568 notabilioria
1078 3505 1183 3569 Ovidii
1207 3507 1426 3592 mythopoeiae

255 3616 401 3698 exempla
424 3614 588 3678 absolvere
612 3615 709 3677 iuvat.

362 3721 527 3782 simillimo
556 3720 683 3805 quidem
710 3729 745 3783 ut
769 3721 917 3783 Herculis
946 3727 977 3782 ot
999 3719 1153 3805 Meleagri
1178 3719 1229 3784 vel
1259 3719 1426 3804 Argonau-

255 3836 358 3890 tarum
373 3835 404 3890 et
417 3828 659 3890 Atheniensium
680 3827 804 3890 fabulas
819 3827 951 3890 Ovidius
976 3827 1008 3888 in
1032 3827 1051 3889 l.
1067 3826 1118 3888 XI
1135 3828 1298 3889 coniunxit
1320 3828 1426 3890 Pelei

256 3942 291 3997 et
315 3934 487 3997 Thetidis
518 3933 658 3997 fabulam
683 3956 752 3997 oum
776 3935 814 3996 iis
838 3933 949 3995 rebus
980 3933 1130 3996 Troicis
1161 3954 1256 4016 quae
1286 3931 1426 3997 bellum

255 4041 457 4104 Troianum
487 4043 720 4126 praecedunt
751 4041 814 4122 (Xl
843 4040 1039 4121 lae—795).
1075 4040 1115 4102 Ut
1138 4048 1243 4103 autom
1266 4062 1333 4104 rom
1355 4062 1426 4126 per-

255 4149 377 4233 spioias,
402 4150 618 4211 narrationum
642 4155 823 4212 contextum
847 4146 1018 4230 explicem:

364 4323 395 4391 15)
422 4324 497 4390 Quod
530 4327 663 4394 praeclare
695 4323 810 4378 ostendit
842 4324 898 4376 Birt
923 4325 948 4376 iu
980 4323 1048 4376 Mus,
1074 4323 1159 4377 Rheu.
1185 4324 1235 4375 vol.
1259 4327 1293 4376 32
1324 4323 1426 4393 (1877),

256 4416 377 4482 01060,
