3350 5184
727 341 947 406 —ol-

252 547 373 606 tantum
401 550 492 628 poeta
520 542 717 627 perstringit,
747 542 790 604 nil
820 541 860 605 de
884 541 975 621 Jove,
1004 541 1059 625 qui
1083 540 1202 605 bellum
1225 561 1351 606 movere
1375 539 1422 605 in·

251 651 351 713 stituit
381 649 470 731 (bibl.
491 671 539 734 ep.
561 653 591 730 3,
619 650 661 730 l),
692 649 736 711 nil
768 648 806 711 de
837 649 921 711 malo
945 645 1136 729 Discordiae,
1169 649 1212 710 nil
1242 647 1281 711 de
1306 648 1421 711 Paride

252 755 354 820 iudice
378 758 527 821 invenies
554 757 677 819 Pariter
701 762 794 841 atque
819 758 851 819 in
872 754 1021 817 Herculis
1038 754 1149 817 Thesei
1166 753 1424 840 Argonautarum

253 863 369 926 fabulis
391 863 502 926 mediis
527 864 559 925 in
582 862 676 926 rebus
701 863 809 946 incipit
832 863 983 926 Paridem
1007 861 1166 944 inducena,

577 970 648 1054 ,qui
673 977 763 1054 rapta
785 969 916 1054 longum
940 990 1010 1032 eum
1033 969 1165 1053 coniuge
1191 969 1308 1032 bellum

413 1078 517 1141 attulit
541 1079 574 1139 in
597 1078 746 1161 patriam3
771 1078 1014 1161 coniurataeque
1038 1080 1211 1160 sequuntur

413 1185 500 1246 mille
524 1191 607 1246 rates
631 1185 795 1267 gentisque
821 1184 912 1245 simul
938 1202 1100 1246 commune
1124 1182 1309 1268 Pelasgae.“

360 1291 652 1376 Breviloquentiam
667 1289 860 1374 obscureque
880 1289 1003 1353 dicendi
1017 1290 1170 1352 rationem
1185 1289 1282 1352 habes
1303 1300 1425 1375 poetae,

255 1398 308 1482 qui
331 1397 476 1460 omnibus
500 1404 574 1460 nota
597 1396 729 1481 profert.
755 1396 805 1459 lta
828 1418 869 1458 ne
893 1397 1038 1460 Helenae
1054 1396 1182 1480 quidem
1195 1417 1310 1460 nonren
1324 1398 1424 1481 affert,

254 1525 311 1566 neo
334 1514 593 1567 commemoratur
617 1503 765 1566 Paridem
789 1525 859 1566 cum
881 1503 1006 1566 Helena
1028 1505 1060 1566 in
1079 1503 1249 1567 Phoenicia
1271 1513 1427 1589 moratum

255 1632 323 1673 esse
347 1610 435 1693 (bibl.
452 1633 499 1697 ep.
517 1613 547 1694 3,
571 1612 615 1693 4),
641 1631 743 1695 neque
767 1610 841 1674 illae
869 1613 1066 1692 „coniuratae
1094 1613 1196 1674 rates“
1225 1613 1326 1675 lucem
1348 1616 1427 1676 aeci-

254 1721 345 1802 piunt
367 1719 427 1780 nisi
451 1719 601 1803 appositis
625 1716 814 1802 Apollodori
837 1717 942 1781 verbis
967 1717 1029 1802 (cp.
1046 1716 1141 1780 Sabb.
1158 1720 1242 1801 3,6):

366 1824 547 1905 ,Μενέλαος
573 1824 608 1886 δὲ
635 1823 830 1910 αἰσθόμενος
856 1822 911 1908 τὴν
939 1823 1084 1909 ἁρπαγὴν
1111 1824 1184 1909 ἡκεν
1208 1826 1257 1893 εἰς
1279 1825 1429 1913 Μυκήνας

256 1931 338 2016 πρὸς
371 1929 590 2016 ’νααριέρνονα
621 1929 671 1993 καὶ
702 1911 800 1993 dcirca
834 1928 1000 2015 στρατείαν
1036 1929 1086 1992 ἐστὲ
1124 1929 1234 2017 Τροίαν
1266 1931 1428 2018 ιὶθροὲζειν

254 2036 304 2100 καὶ
329 2039 548 2123 στρατολογεῖν
571 2036 626 2122 τὴν
643 2035 784 2100 Ἑλλάδα.
809 2037 827 2098 ὁ
851 2037 886 2099 δὲ
909 2037 1039 2122 πέμπων
1061 2037 1178 2124 κήρυκα
1193 2040 1276 2124 πρὸς
1297 2037 1428 2102 ἕκαστον

255 2152 318 2208 τῶν
341 2144 498 2227 βασιλέων
519 2151 581 2207 τῶν
596 2143 697 2230 ὅρκιον
713 2141 939 2231 ὑπερίρνρσκεν
955 2145 1001 2205 ὠν
1024 2147 1152 2229 ὤμοσαν
1167 2195 1173 2207 .
1187 2194 1213 2207 ..
1235 2145 1292 2226 „de
1313 2147 1428 2209 iureiu-

256 2252 354 2315 rando
385 2251 439 2314 illo
470 2251 509 2315 ef.
530 2249 677 2314 bibllll
711 2252 787 2314 132:
823 2248 1035 2336 ,Τυνδάρειος
1061 2251 1138 2318 τοὺς
1162 2255 1346 2338 μνηστῆρας
1372 2252 1427 2334 (sc.

256 2362 315 2444 τῆς
336 2355 479 2443 Ἑλένης)
505 2356 653 2443 ἐξοοκέζει
679 2358 749 2439 (set
773 2356 956 2443 βοηθήσειν,
982 2357 1038 2419 ἐὰν
1052 2358 1070 2419 d
1086 2356 1273 2444 προκριθεές
1295 2358 1431 2444 νορᾳιός

257 2463 318 2527 ὑπὸ
342 2465 436 2527 ἄλλον
460 2465 549 2532 τινος
570 2464 712 2550 ἀδικῆται
738 2463 808 2549 aspi
833 2466 887 2526 τὸν
911 2463 1053 2549 γά,αον).“

142 2649 143 2653 ¹
363 2571 1430 2658 lleprodigioAulidefaetoidemnarratOvidius(Xllllss)atque

257 2678 469 2763 Apollodorus
489 2678 550 2764 (ep.
563 2681 593 2761 3,
608 2679 661 2760 15)
676 2679 833 2742 coloribus
854 2679 974 2764 aliquot
991 2701 1031 2742 ex
1046 2679 1157 2741 Iliadis
1172 2680 1191 2742 l.
1203 2680 1239 2743 ll
1254 2679 1429 2764 sumptis‚⁷)

365 2786 516 2848 Similiter
539 2805 588 2846 res
612 2805 645 2846 se
669 2784 765 2847 habet
788 2786 821 2847 iu
847 2785 895 2867 iis,
921 2807 1001 2870 quae
1023 2784 1154 2849 Ovidius
1180 2785 1218 2847 dc
1242 2786 1429 2871 Iphigeniae

257 2891 468 2955 immolatione
500 2891 641 2955 versibus
665 2891 829 2955 mandavit
852 2892 936 2970 (ΧΠ
961 2892 1116 2973 24-37).
1165 2894 1254 2966 Quae
1278 2895 1336 2956 etsi
1360 2893 1430 2957 bre-

258 3001 339 3062 viter
362 2997 555 3082 obscureque
579 2999 668 3061 initio
693 2998 818 3082 quidem
843 3004 972 3061 narrata
995 3004 1067 3061 sunt
1091 2999 1202 3084 (quare
1223 3000 1328 3063 Diana
1351 3002 1432 3064 irata

259 3109 307 3189 sit,
333 3105 465 3170 Ovidius
488 3107 575 3168 nullo
600 3104 696 3169 verbo
721 3105 819 3189 dicit),
845 3107 1002 3168 tamenin
1023 3107 1205 3171 universum
1229 3108 1339 3170 eadem
1359 3114 1432 3170 suut

258 3233 294 3275 ac
318 3234 398 3296 quae
422 3213 598 3296 compendii
629 3213 833 3298 mythologici
858 3213 1049 3296 expilatores
1073 3214 1164 3277 nobis
1187 3214 1316 3277 tradunt
1340 3214 1431 3295 (bibl.

259 3341 307 3404 op.
330 3323 360 3402 3,
387 3320 425 3382 21
457 3342 492 3402 s,
523 3320 636 3402 Procl,
669 3321 755 3405 Hyg.
778 3320 799 3382 f.
822 3321 863 3383 98
895 3321 978 3402 ete).
1027 3320 1078 3383 Ex
1109 3321 1271 3406 Euripidis
1304 3320 1432 3406 quidem

259 3426 427 3512 Iphigenia
449 3426 616 3489 Aulidensi
636 3427 829 3513 deprompsit
848 3428 1008 3490 ministros
1029 3429 1138 3491 flentes
1160 3430 1339 3514 circumque
1361 3449 1432 3492 aras

260 3541 376 3596 stantes
401 3540 432 3596 ot
455 3534 606 3596 nonnulla
635 3534 707 3617 alia,
738 3556 818 3620 quae
842 3535 882 3598 lt.
899 3533 1036 3597 Ehwald
1059 3537 1091 3598 in
1115 3535 1368 3599 annotationibus
1391 3535 1432 3598 ad

259 3641 279 3703 l.
296 3640 366 3702 ΧΠ
389 3664 419 3704 v.
438 3642 479 3704 29
504 3641 668 3724 congessit.
694 3641 800 3704 Unum
824 3650 930 3704 restat.
957 3641 1135 3705 Secundum
1159 3644 1242 3705 enim
1266 3642 1432 3707 bibliothe-

259 3767 328 3809 cam
357 3747 404 3811 bis
435 3747 546 3810 Graeci
575 3747 693 3811 Aulide
723 3757 951 3831 convenerunt,
983 3749 1203 3834 interpositum
1236 3758 1282 3814 est
1314 3750 1433 3813 bellum

208 3865 211 3872 '
260 3853 507 3918 Teuthranteum
531 3853 620 3936 (bibl.
644 3877 692 3939 ep.
718 3855 787 3919 Vct.
813 3859 843 3937 3,
871 3856 908 3917 17
935 3857 984 3936 s).
1033 3856 1124 3930 Quod
1153 3857 1297 3939 Ovidius,
1330 3879 1432 3942 neque

261 3960 351 4022 aliter
381 3963 484 4024 omnia
514 3981 605 4047 quae,
636 3982 706 4024 eum
737 3962 851 4024 iterum
882 3962 994 4025 Graeci
1019 3963 1148 4026 Troiam
1177 3966 1374 4050 navigarent,
1399 3965 1433 4026 iu

260 4065 388 4130 Tenedo
412 4068 594 4154 Lemnoque
618 4069 727 4132 insulis
752 4069 834 4132 facta
859 4075 931 4132 sunt
955 4068 1044 4150 (bibl.
1061 4092 1110 4155 ep.
1129 4071 1199 4134 Vat.
1217 4072 1247 4154 3,
1272 4073 1429 4154 23-23),

259 4175 343 4237 hunc
366 4175 398 4236 in
421 4196 547 4238 versum
570 4177 723 4241 coartavit
747 4176 790 4257 (v.
811 4177 885 4258 3a):

370 4313 391 4384 ⁷)
410 4317 487 4368 Locis
512 4316 659 4370 Homericis
682 4317 715 4370 ab
739 4317 878 4371 Ehwaldio
902 4317 935 4370 ad
955 4318 1002 4370 Ov.
1016 4335 1040 4370 v.
1056 4323 1097 4384 ll,
1120 4321 1158 4386 16,
1181 4321 1213 4372 19
1232 4319 1320 4372 allatis
1338 4319 1434 4373 addam

261 4404 292 4458 Il.
313 4408 362 4457 311
384 4429 416 4448 =
436 4411 496 4457 met.
513 4409 544 4458 15
557 4422 591 4474 s.;
611 4406 641 4458 Il.
655 4410 706 4460 315
727 4432 759 4450 ---
779 4409 901 4476 met163
921 4407 1019 4460 11320
1039 4433 1071 4450 =
1091 4412 1209 4463 met.18.
