3350 5184
807 409 1033 476 „aa-¹

284 600 287 606 ¹
330 611 491 698 Meleagro
516 620 547 677 et
562 610 602 676 de
616 613 714 677 Oenei
738 613 834 698 stirpe
850 635 891 675 ex
904 611 1088 697 compendio
1105 612 1266 675 fluxerunt
1288 610 1332 692 (r.
1349 611 1387 674 u.
1402 610 1502 674 Bothe

331 723 351 784 l.
370 723 389 784 l.
404 743 435 806 p.
452 721 490 784 61
518 722 566 803 s).
592 721 699 806 Atque
722 720 876 805 Meleagri
902 718 1044 783 fabulam
1068 719 1233 783 historicus
1247 719 1396 782 Herculis
1410 719 1504 782 rebus

330 829 462 890 inseruit
484 849 521 890 eo
547 828 621 910 loce,
651 848 712 912 quo
742 829 774 890 in
803 827 892 890 fonte
920 847 975 889 suo
1000 828 1120 909 legerat
1144 826 1314 889 Herculem
1339 825 1504 911 Calydona

331 936 454 998 venisse
478 933 584 1018 ibique
612 934 651 996 de
676 933 827 997 Deianira
850 935 949 997 Oenei
977 933 1042 996 filia
1071 953 1141 995 oum
1163 931 1304 996 Acheloo
1334 954 1501 1017 pugnasse.

290 1095 295 1104 .
330 1042 428 1104 Oenei
453 1044 548 1126 igitur
573 1062 687 1104 nomen
710 1060 782 1104 cum
805 1043 982 1122 commovit,
1007 1048 1041 1103 ut
1064 1063 1106 1104 ex
1126 1038 1237 1104 eodem
1263 1041 1341 1102 libro
1366 1039 1501 1103 fabulari

329 1147 482 1232 Meleagri
514 1155 629 1210 sortem
659 1149 821 1232 Oenoique
855 1149 984 1232 stirpem
1017 1147 1104 1211 volnt
1137 1147 1340 1232 παρέκβασιν,
1371 1156 1405 1209 ut
1437 1148 1503 1230 ipse

331 1255 404 1318 dicit
432 1256 471 1336 (c.
493 1256 545 1337 34,
576 1258 593 1336 ξ
627 1256 667 1338 l),
698 1255 891 1318 transferret.
939 1253 1030 1328 Quod
1058 1255 1156 1338 ipsius
1184 1254 1369 1338 Apollodori
1399 1254 1503 1318 verbis

330 1363 559 1446 comprobatur,
585 1363 636 1446 qui
660 1368 825 1447 postquam
851 1362 999 1424 Herculis
1023 1357 1107 1423 fiala
1131 1372 1162 1424 et
1185 1382 1319 1445 parerga
1342 1363 1503 1445 complura

329 1471 479 1552 narravit,
511 1470 547 1533 H
578 1470 640 1531 148
671 1469 775 1554 pergit
805 1489 974 1553 exponere,
1006 1469 1134 1531 heroem
1164 1467 1278 1530 deinde
1309 1467 1502 1552 Calydonem

331 1578 464 1659 venisse,
488 1577 662 1639 Acheloum
688 1575 732 1639 ibi
755 1577 889 1639 fluvium
913 1576 1081 1638 luctatione
1098 1567 1292 1658 profligasse,
1316 1595 1412 1637 cornu
1437 1576 1503 1636 eius

330 1684 462 1746 alterum
487 1683 673 1768 abripuisse,
697 1682 882 1746 Deianiram
905 1681 944 1745 ab
962 1683 1067 1744 Oeneo
1084 1703 1216 1745 uxorem
1232 1684 1397 1766 accepisse.
1422 1681 1504 1743 Tum

330 1790 459 1852 eaedem
481 1793 676 1853 narrationes
698 1790 807 1853 eodem
824 1810 886 1873 quo
903 1788 987 1874 apud
1005 1789 1176 1852 Diodorum
1200 1789 1309 1852 ordine
1327 1795 1503 1873 sequuntur

332 1897 437 1980 (—H,
464 1897 551 1979 160).

437 2005 511 2068 lam
535 2027 609 2068 vero
634 2003 718 2088 apud
741 2002 891 2068 Ovidium
914 2024 1043 2089 prorsus
1067 2001 1200 2066 eandem
1216 2003 1398 2066 fabularum
1420 2022 1503 2065 oom-

330 2110 548 2195 pouendarum
563 2124 593 2173 ot
608 2111 892 2175 connectendarum
913 2112 1066 2174 rationem
1083 2111 1268 2174 invenimus.
1294 2110 1406 2193 Aeque
1421 2111 1504 2171 enim

331 2239 366 2281 ac
389 2218 548 2282 Diodorus
575 2218 729 2303 Meleagri
759 2217 903 2281 fabulam
931 2226 1025 2304 poeta
1054 2219 1217 2281 coniunxit
1242 2239 1313 2280 cum
1343 2217 1391 2299 iis,
1423 2238 1504 2300 qnae

330 2324 496 2388 traduntur
520 2325 558 2388 de
585 2326 731 2388 Herculis
755 2346 824 2389 cum
848 2326 989 2388 Acheloo
1013 2347 1121 2410 pugna
1143 2324 1299 2409 huiusque
1329 2345 1426 2387 cornu
1450 2325 1503 2386 ab·

330 2441 432 2516 rupto,
457 2437 550 2516 atque
575 2432 700 2496 easdem
726 2433 792 2495 fore
817 2433 942 2495 fabulas
966 2432 1076 2495 eodem
1100 2431 1210 2494 ordine
1235 2439 1356 2495 tractat.
1384 2431 1503 2494 Eodem

329 2540 426 2622 igitur
450 2539 536 2602 fonte
553 2559 615 2623 quo
630 2539 813 2621 Diodorum,
839 2538 1022 2623 compendio
1037 2540 1153 2602 scilicet
1167 2538 1387 2622 mythologice,
1412 2558 1504 2600 usum

331 2665 398 2708 esse
422 2645 571 2709 Ovidium
594 2645 844 2709 concludendum
868 2652 924 2708 est.

437 2752 509 2815 Hoc
532 2752 659 2837 quidem
682 2750 847 2815 diiudicari
872 2773 934 2815 non
957 2762 1069 2836 potest,
1094 2765 1200 2815 utrum
1222 2750 1308 2815 Naso
1332 2749 1444 2815 eadem
1468 2773 1504 2814 ac

329 2859 488 2922 Diodorus
520 2861 573 2924 via
603 2880 789 2944 progressus
813 2859 962 2921 llerculia
993 2859 1103 2921 ultima
1134 2859 1217 2922 facta
1247 2872 1320 2922 ante
1350 2859 1501 2943 Meleagri

330 2987 379 3028 res
403 2968 551 3052 posuerit,
577 2987 617 3028 an
640 2968 743 3051 potius
767 2965 962 3050 aMeloagro
977 2965 1016 3027 ad
1035 2967 1204 3029 Herculem
1228 2967 1394 3028 transierit.
1420 2966 1504 3028 Nam

330 3073 537 3136 bibliothecae
566 3081 683 3153 auctor,
713 3074 792 3136 sicut
815 3073 851 3135 H
878 3074 940 3135 148
969 3073 1051 3135 inter
1075 3074 1223 3135 Herculis
1253 3073 1376 3136 fabulas
1405 3074 1503 3135 Oenei

331 3181 459 3265 stirpem
483 3188 713 3262 commemorat,
738 3181 782 3243 ita
798 3180 815 3242 I
832 3182 874 3241 64
900 3182 979 3242 inter
1000 3180 1123 3244 fabulas
1140 3180 1180 3242 ad
1196 3180 1294 3242 Oenei
1319 3182 1504 3265 progeniem

329 3295 515 3370 spectantes,
539 3295 707 3370 antequam
732 3285 773 3349 ad
794 3286 991 3371 Meleagrum
1016 3289 1136 3370 transit,
1161 3286 1310 3350 Herculis
1332 3287 1503 3350 Deianirae

330 3395 434 3456 mariti
458 3401 488 3456 et
512 3412 637 3478 pugnae
662 3393 728 3456 eius
752 3415 822 3456 cum
846 3392 985 3456 Acheloo
1010 3395 1200 3456 mentionem
1229 3394 1312 3457 facit.
1363 3394 1404 3456 Ut
1427 3392 1503 3456 mihi

330 3500 458 3583 quidem
482 3500 615 3583 videtur,
640 3500 782 3580 OvidiuS,
806 3522 876 3563 cum
902 3501 987 3563 VHl
1012 3504 1071 3563 211
1096 3501 1209 3563 Thesei
1235 3523 1284 3563 res
1308 3501 1503 3582 absolvisset,

329 3626 448 3670 ruemor
462 3609 646 3692 participem
662 3609 751 3671 illum
769 3608 866 3670 fuisse
881 3609 1056 3671 venationis
1073 3610 1103 3670 in
1119 3630 1232 3692 aprum
1248 3608 1458 3692 Calydonium
1465 3606 1501 3689 2),

329 3714 527 3799 Meleagrum
550 3736 620 3778 eum
644 3736 680 3777 eo
704 3716 866 3778 coniunxit
889 3723 920 3778 et
943 3714 1016 3777 inde
1038 3717 1250 3778 narrationem
1274 3715 1315 3777 ad
1331 3714 1503 3777 Herculem

329 3821 499 3884 Deianirae
523 3843 653 3906 procum
676 3823 852 3907 compendii
877 3824 997 3886 auxilio
1021 3844 1095 3885 usus
1120 3825 1283 3885 convertit.

438 3932 571 4013 Quoquo
596 3937 701 3992 liutem
724 3929 816 3992 modo
842 3930 919 3994 haec
941 3950 991 3992 res
1015 3951 1047 3991 se
1071 3929 1176 4013 habet,
1201 3929 1234 3992 id
1258 3929 1385 4014 quidem
1402 3936 1503 3990 oston-

331 4035 412 4098 disse
442 4036 520 4098 mihi
550 4035 669 4118 videor,
701 4036 860 4120 Ovidium,
892 4036 1036 4099 similiter
1067 4046 1160 4119 atquo
1194 4057 1265 4099 eum
1296 4038 1328 4098 in
1361 4037 1380 4099 l.
1405 4035 1454 4098 VI
1479 4056 1501 4098 s.

330 4143 572 4206 Atheniensium
602 4144 861 4228 Argonautarum
890 4143 1023 4206 Medeae
1055 4145 1179 4207 fabulas
1208 4142 1392 4228 compendio
1420 4164 1502 4205 com·

329 4258 448 4314 motum
476 4253 556 4314 inter
587 4274 622 4314 sc
650 4253 849 4314 coniunxisse
879 4249 1027 4335 vidimus,
1061 4253 1154 4314 otiam
1186 4251 1245 4314 hae
1277 4253 1309 4313 in
1338 4257 1438 4335 parte,
1469 4256 1504 4312 ut

437 4392 458 4462 2)
478 4393 518 4445 De
538 4392 642 4445 Theseo
668 4392 811 4444 clarissimo
839 4394 986 4445 venationis
1006 4391 1166 4461 Calydoniae
1192 4395 1263 4445 socio
1290 4408 1313 4444 v.
1335 4393 1440 4457 Surber‚
1461 4389 1503 4444 die

330 4483 534 4549 Meleagersage,
553 4499 580 4550 p.
594 4485 627 4534 35
641 4497 660 4534 s.
682 4482 750 4536 Diss.
764 4481 827 4534 Τ111.
844 4484 919 4535 iaso.
