3350 5184
372 609 474 664 Procne
493 625 553 664 cum
621 607 684 688 Q

390 699 484 766 Tereo,
490 700 585 752 Martis
639 703 700 750 met.
715 697 752 750 VI
765 699 825 750 437.
978 713 1085 792 Q
1102 741 1137 747 -
1156 708 1283 762 Theseus.

389 789 453 855 filio,
476 795 537 841 met.
549 788 587 840 Vl
1155 777 1280 789 ““““““

391 881 451 932 lae.
1137 861 1235 940 Q

622 949 737 1015 Cecrops
756 977 790 984 -
803 944 933 1000 Pandion.

255 1057 260 1067 ,
416 1059 422 1070 ,
979 1007 1068 1060 Pallas
1138 1003 1228 1068 Butes,

174 1054 306 1136 Q·
374 1056 529 1110 Ph¹¹⁰m⁰¹³·
623 1089 767 1143 Pandorus.
978 1075 1068 1159 “,“’
1137 1073 1350 1145 ‘d'edvllsus

979 1141 1066 1195 husus

374 1200 549 1267 Erechtheus,
622 1235 724 1287 Metion

306 1325 309 1330 ·
390 1296 451 1343 met.
465 1289 503 1342 Vl
516 1291 576 1343 677.
727 1273 733 1285 ’
874 1291 878 1296 ’
979 1285 1071 1355 Lycus.

623 1377 736 1430 Procris.

373 1434 464 1486 Butes.
623 1445 730 1456 -··

623 1520 729 1574 Creusa.

623 1662 764 1716 Chthouia.
835 1684 1076 1922 —IO—affis

1085 1777 1145 1824 met.
1160 1771 1197 1823 Vl
1212 1774 1271 1824 716.

622 1841 681 1894 Orit
670 1841 744 1908 thyia
762 1857 822 1895 cum
841 1841 936 1907 Borea,
978 1842 1058 1894 Zetes

639 1937 701 1986 uret
712 1930 751 1984 VI
770 1935 819 1985 711
836 1946 870 1984 ss.

979 1985 1129 2054 Gl.eopatra

979 2127 1089 2182 Chione

286 2327 390 2391 Distat
406 2325 535 2412 quidem
551 2327 683 2392 Ovidius
708 2326 747 2390 ab
764 2326 961 2412 Apollodoro
983 2326 1043 2390 hac
1066 2329 1099 2389 iu
1121 2349 1167 2410 re,
1191 2327 1275 2412 quod
1290 2347 1353 2390 non

178 2441 243 2497 tres
266 2433 435 2498 Erechthei
460 2434 556 2497 fuisse
578 2434 660 2497 filios
685 2441 895 2520 quattuorque
918 2434 1010 2517 filias,
1034 2441 1069 2497 ut
1091 2433 1352 2519 mythographus‚

178 2539 236 2604 sed
260 2547 386 2626 quattor
408 2541 489 2604 filios
514 2540 707 2627 totidemque
730 2541 811 2604 filias
836 2540 919 2604 dicit.
945 2540 1038 2613 Quod
1062 2540 1188 2626 quidem
1212 2541 1353 2626 poeticae

177 2648 323 2711 licentiae
347 2650 498 2733 ignoscas.
524 2649 617 2712 Certe
632 2648 691 2712 hoo
707 2670 748 2712 ex
762 2647 941 2711 nominibus
958 2647 997 2710 ah
1014 2647 1128 2712 Ovidio
1142 2648 1354 2733 compluribus

179 2756 255 2817 locis
288 2755 392 2818 allatis
425 2763 566 2841 apparet,
599 2755 896 2842 Metamorphosoon
926 2757 1123 2818 narrationes
1155 2754 1265 2819 eadem
1299 2755 1355 2820 illa

178 2861 366 2947 genealogia
396 2882 432 2925 ac
455 2861 663 2926 bibliothecae
693 2883 756 2926 nou
780 2861 819 2925 ab
844 2860 989 2925 omnibus
1017 2862 1197 2926 auctoribus
1227 2870 1354 2947 accepta

179 2969 261 3032 iuter
284 2990 317 3032 so
341 2967 519 3033 cohaerere.

289 3076 451 3139 Hactenus
466 3076 598 3141 Ovidius
622 3075 661 3138 de
677 3073 875 3139 Erichthonii
898 3075 1049 3161 progenie
1074 3078 1204 3161 eiusque
1220 3075 1353 3140 casibus.

182 3183 309 3246 Transit
329 3182 397 3246 VH
424 3184 439 3244 1
466 3183 507 3246 ad
530 3203 629 3248 novas
652 3201 717 3246 res:
741 3180 1049 3268 Argonautarum
1073 3183 1355 3268 expeditionem

180 3294 216 3351 et
239 3286 392 3352 Medeae
416 3288 615 3352 historiam
639 3291 763 3374 copiose
786 3296 908 3353 tractat.
941 3289 1004 3355 Sed
1028 3292 1142 3353 iterum
1166 3291 1297 3354 revertit
1311 3289 1353 3354 ad

180 3395 422 3459 Atheniensium
446 3417 495 3459 res
511 3420 540 3461 r.
557 3398 633 3479 404,
658 3417 719 3482 quo
737 3417 831 3461 versu
847 3397 961 3460 Thesei
987 3397 1070 3460 facta
1093 3417 1222 3460 narrare
1242 3399 1354 3484 eoepit.

180 3502 302 3566 Medias
326 3505 422 3588 igitur
446 3505 478 3566 iu
501 3504 622 3567 Atticas
647 3503 772 3567 fabulas
787 3503 919 3569 Ovidius
943 3506 1075 3568 inscruit
1098 3505 1355 3589 Argonautarum

181 3617 212 3673 ct
222 3609 356 3673 Medeae
369 3631 430 3693 res,
444 3630 521 3696 quas
536 3611 644 3674 itidem
660 3633 701 3674 ex
716 3611 900 3696 compendio
913 3611 1040 3676 haustas
1053 3633 1120 3675 esse
1135 3613 1239 3674 statim
1252 3620 1354 3674 osten·
1415 3670 1418 3675 .

181 3717 300 3780 demus.
348 3717 392 3780 At
380 3724 485 3780 tuon
515 3717 608 3780 modo
636 3716 693 3781 has
724 3718 801 3781 duas
831 3717 1011 3783 fabularum
1043 3720 1139 3782 series
1169 3717 1353 3802 compendio

180 3823 284 3904 debet,
300 3823 424 3888 sedt
392 3823 487 3888 etiam
512 3823 621 3887 eodem
645 3822 727 3887 libro
753 3825 888 3887 fabulari
918 3831 1089 3888 commotus
1113 3830 1168 3904 est,
1197 3825 1354 3905 utillum

181 3951 275 4016 quem
306 3929 398 3993 modo
430 3931 683 4012 commemoravi,
714 3930 881 3995 transitum
911 3931 1057 3994 faceret
1051 3930 1091 3992 ab
1114 3873 1355 3993 Atheniensium

181 4036 275 4099 rebus
307 4036 348 4100 ad
377 4039 633 4122 Argonautarum
663 4037 906 4122 expeditionem.
955 4036 1039 4101 Nam
1062 4035 1275 4121 Apollodorus
1299 4035 1354 4099 lll

185 4143 256 4226 199,
282 4164 352 4206 cum
369 4143 547 4230 Orithyiam
564 4145 662 4207 Zeten
687 4153 717 4207 et
732 4144 844 4207 Calain
858 4145 980 4207 Boreae
1004 4143 1085 4206 filios
1109 4141 1267 4228 peperisse
1282 4163 1354 4206 nar·

182 4252 309 4332 raverit,
333 4247 422 4313 addit
445 4271 498 4313 oos
522 4251 645 4314 Iasonis
669 4251 879 4336 navigationis
902 4251 1070 4335 participes
1095 4248 1200 4312 fuisso.
1234 4248 1355 4313 Eodem

182 4355 274 4421 modo
299 4357 485 4424 terminatur
509 4358 672 4444 Orithyiae
697 4357 806 4425 fabula
829 4356 987 4425 Ovidiana
1011 4356 1074 4426 719
1094 4378 1149 4423 ss:
