3350 5184
726 389 943 454 -62-

253 587 432 674 ,multaque
462 610 630 673 perpessae
660 587 801 675 Phrygia
831 589 994 674 potiuntur
1024 589 1143 652 harena
1173 589 1227 671 (sc.
1250 590 1336 653 mille
1370 611 1421 654 ca-

1285 698 1417 780 rinae).“

356 803 475 867 Iisdem
508 804 575 866 fere
609 804 712 868 verbis
745 811 817 867 met.
844 804 912 866 VH
946 804 965 866 5
998 803 1130 868 Ovidius
1162 802 1421 888 Argonautarum

249 931 370 972 errores
398 911 596 995 significavit.
644 910 789 974 Ceterum
813 918 886 974 met.
909 910 979 972 XII
1012 911 1072 975 109
1101 910 1241 973 Achilles
1269 910 1421 975 adversus

249 1018 390 1102 Cycnum
418 1017 457 1080 de
485 1017 594 1080 Tenue
622 1017 787 1080 interfecto
815 1025 847 1081 ct
877 1017 917 1080 de
945 1017 1096 1102 Telepho,
1128 1020 1181 1102 qui
1211 1019 1259 1082 bis
1290 1020 1421 1081 senserit

252 1145 348 1208 ,opus
379 1124 505 1187 hastae“
540 1125 617 1207 eius,
648 1125 810 1209 gloriatur.
859 1124 990 1187 Silentio
1023 1125 1147 1188 transiit
1171 1124 1313 1207 Ovidius,
1339 1147 1419 1210 quae

247 1230 437 1294 bibliotheca
469 1253 517 1316 op.
534 1234 564 1315 3,
589 1233 631 1294 28
655 1252 678 1294 s.
704 1231 801 1294 refert
830 1232 869 1294 de
897 1231 1054 1316 legatione
1085 1253 1103 1294 a
1134 1231 1264 1295 Graecis
1292 1232 1420 1295 Troiam

248 1339 341 1399 missa
366 1337 406 1400 ad
429 1337 588 1402 Helenam
611 1336 836 1423 reposcendam
852 1337 921 1419 (sed
945 1362 974 1403 v.
990 1361 1019 1422 p.
1037 1338 1103 1420 64).
1129 1338 1268 1401 Iuseruit
1283 1337 1420 1423 descrip-

247 1446 363 1506 tionem
387 1444 474 1506 illam
497 1444 616 1508 Famae
640 1447 760 1508 eteius
784 1447 951 1529 speluncae
976 1443 1180 1526 (se-63).³)

353 1551 397 1613 At
423 1553 484 1614 iam
503 1552 657 1638 quomodo
673 1551 801 1615 Troiani
816 1551 952 1615 Graecos
976 1551 1111 1637 appulsu
1129 1552 1229 1615 litoris
1252 1553 1418 1635 arcuerint,

247 1659 439 1722 Protesilaus
477 1660 596 1744 primus
633 1680 777 1744 egressus
818 1660 876 1739 ,ab
914 1659 1074 1722 Hectorea
1110 1659 1220 1722 hasta“
1258 1658 1417 1741 ceciderit,

246 1767 356 1829 Graeci
394 1787 435 1828 ex
468 1766 602 1831 navibus
637 1773 788 1829 exeuntes
820 1767 972 1830 Troianos
1003 1769 1143 1852 aggressi
1175 1769 1246 1850 sint,
1278 1765 1419 1830 Achilles

246 1875 387 1957 Uyonum
405 1873 546 1957 Neptuni
569 1874 668 1936 lilium
693 1875 810 1957 vicerit,
836 1873 969 1938 Ovidius
985 1873 1096 1937 eodem
1120 1874 1230 1937 ordine
1253 1880 1284 1937 et
1308 1873 1418 1937 eodem
1511 1958 1514 1962 A

247 1981 313 2041 l'ere
343 1979 436 2043 modo
472 2001 508 2043 ae
535 1979 785 2066 mythographus
817 1963 937 2044 narrat*
955 1980 1045 2062 (bibl.
1071 2003 1119 2066 ep.
1146 1982 1175 2064 3,
1207 1982 1248 2044 29
1273 2003 1313 2063 s.;
1345 1987 1417 2044 met.

180 2077 184 2086 ’
246 2086 316 2148 XII
332 2088 514 2171 64-145);
540 2109 620 2172 quae
637 2097 742 2150 autem
758 2088 796 2151 dc
813 2089 919 2173 (lycno
934 2089 1157 2150 transformato
1171 2095 1264 2172 poeta
1278 2087 1418 2172 praebet,

246 2216 287 2256 ex
310 2193 372 2257 alio
397 2193 485 2258 fonte
509 2195 617 2258 addita
641 2203 722 2260 sunt.
782 2251 783 2254 ,

262 2295 265 2300 ’
353 2301 535 2387 Sequuntur
569 2304 601 2364 in
636 2302 941 2387 Metamorphosibus
966 2302 1082 2366 Caenei
1106 2303 1314 2387 Lapitharum
1338 2301 1418 2365 Oen-

244 2413 405 2471 taurorum
420 2409 630 2494 Periclymeni
645 2409 772 2473 fabulae
796 2411 942 2493 insertae,
960 2431 1040 2496 quae
1064 2430 1082 2472 a
1100 2409 1233 2473 Nestore
1251 2414 1418 2472 narrantur

246 2515 329 2596 (ΧΠ
356 2516 552 2598 169-576).
577 2515 684 2602 Atque
707 2515 820 2580 callide
845 2517 977 2581 lividius
1005 2517 1172 2580 nonnullas
1197 2536 1256 2597 res,
1281 2537 1362 2601 quae
1385 2518 1418 2577 in

244 2625 396 2707 proximis
420 2623 627 2686 bibliothecae
651 2622 805 2708 capitibus
829 2631 964 2707 exstant,
989 2624 1134 2686 transitui
1150 2622 1190 2686 ad
1215 2622 1340 2686 fabulas
1364 2643 1417 2686 eas

244 2730 389 2792 intexuit.
415 2730 521 2814 Cycno
545 2732 629 2794 enim
643 2732 742 2794 occiso
767 2731 906 2794 indutiae
929 2731 1008 2793 fiunt
1032 2730 1109 2812 (146
1135 2753 1174 2812 s.;
1202 2731 1317 2794 Proclz
1348 2727 1415 2810 „sci

244 2835 322 2904 rob:
335 2835 466 2922 νεκροὺς
477 2838 715 2923 ooucpoirrsr“;
729 2837 814 2922 Apd.
827 2835 904 2899 bibl.
920 2860 969 2922 ep.
984 2837 1078 2902 Sabb.
1094 2838 1123 2919 3,
1140 2837 1196 2919 313
1213 2836 1297 2900 locos
1312 2836 1417 2899 attulit

246 2945 283 3007 lt.
299 2942 434 3007 Ehwald
458 2947 490 3007 in
513 2945 643 3027 annot),
674 2943 802 3007 Troiani
833 2943 943 3008 urbem
968 2943 1151 3025 defendunt,
1177 2944 1289 3007 (lraeci
1313 2952 1415 3007 castra

244 3052 389 3114 muniunt
412 3051 455 3132 (v.
473 3052 534 3114 148
550 3073 590 3134 s.;
614 3050 690 3116 bibl.
708 3072 757 3135 ep.
775 3050 871 3114 Sabb.
888 3055 918 3134 3,
944 3052 1001 3133 313
1026 3051 1152 3132 Procl.).
1179 3051 1280 3114 Simili
1296 3051 1417 3114 ratione

245 3161 277 3220 in
300 3159 396 3242 Cycni
429 3159 538 3222 fabula
567 3158 670 3244 lepide
700 3161 803 3243 ipsum
827 3159 985 3222 Achillem
1016 3158 1142 3221 induxit
1172 3159 1360 3242 gloriantem
1384 3179 1417 3219 se

244 3266 420 3351 Lyrnesum
446 3271 476 3328 et
498 3266 623 3328 Thebas
648 3272 766 3350 cepisse
791 3265 1004 3349 (ios-110),
1030 3287 1109 3350 quae
1124 3266 1206 3328 inter
1222 3266 1299 3327 alias
1322 3263 1416 3327 urbes

244 3372 283 3436 ab
307 3372 432 3436 Achille
463 3374 550 3436 initio
581 3372 655 3436 belli
687 3381 793 3457 captas
824 3375 858 3435 in
886 3373 1076 3436 bibliotheca
1104 3377 1328 3436 enumerantur
1351 3371 1414 3456 (ep.

244 3479 339 3543 Sabb.
358 3481 389 3562 3,
414 3480 480 3563 33).

349 3586 506 3651 Absoluta
529 3589 738 3673 Periclymeni
765 3586 1021 3652 fabulallvidius
1046 3588 1110 3651 580
1135 3610 1173 3651 ss.
1201 3608 1322 3650 summa
1346 3587 1415 3649 bre·

244 3697 340 3758 vitate
364 3715 414 3757 res
437 3695 590 3758 Troianas
614 3716 743 3758 narrare
766 3696 879 3779 pergit.
929 3695 1095 3758 Praeteriit
1119 3695 1255 3778 omnine,
1280 3715 1359 3778 quae
1384 3694 1416 3754 in

245 3801 367 3864 iliade
384 3802 544 3886 leguntur3
570 3803 663 3864 exiis
680 3815 794 3884 autem,
811 3822 893 3886 quae
911 3802 1192 3865 Posthomerica
1205 3801 1414 3886 appellantur,

243 3917 376 3980 Achillis
407 3926 538 3982 mortem
571 3918 775 4001 (580—-6113
799 3918 839 3982 cf.
856 3917 931 3981 bibl.
947 3940 996 4003 ep.
1013 3919 1042 4000 5,
1067 3919 1101 4000 3)
1131 3920 1174 3981 ita
1202 3918 1356 3999 tractavit,
1382 3925 1415 3978 ut
1464 3913 1467 3920 '

242 4026 342 4108 ipsam
367 4026 494 4110 quidem
518 4048 583 4089 rem
609 4025 745 4090 breviter
766 4033 916 4109 narraret,
941 4033 1170 4110 contrapreees
1186 4026 1255 4088 illas
1274 4023 1414 4109 Neptuni

242 4134 365 4216 copiose
390 4132 560 4218 descriptas
585 4133 624 4195 de
648 4155 703 4196 suo
728 4132 859 4195 adderet
883 4132 1097 4214 (oso—596).

348 4239 482 4303 Achillis
505 4261 634 4326 corpore
658 4247 853 4304 concremato
878 4240 1081 4322 (ola-6193
1107 4239 1146 4303 ef.
1164 4239 1240 4303 bibl.
1258 4261 1306 4324 ep.
1326 4240 1355 4321 5,
1379 4238 1413 4319 5)

242 4369 330 4410 arma
353 4348 420 4410 eius
444 4349 524 4410 inter
551 4347 676 4410 Ulixem
700 4355 731 4410 ct
754 4347 885 4410 Aiacem
909 4344 1126 4410 Telamonium
1154 4347 1257 4409 rixam
1286 4351 1414 4408 movent

350 4491 371 4559 ὃ)
392 4489 431 4543 Ol.
445 4507 467 4542 c.
481 4489 506 4541 Il
526 4506 551 4558 p.
567 4492 598 4542 33
620 4495 646 4541 et
664 4495 745 4542 annot
764 4489 789 4540 ll
811 4493 851 4542 ls.
