3350 5184
585 369 894 443 ⁸-65—

199 587 361 641 memorat.
392 577 444 640 Ex
467 574 764 639 Posthomorieis
788 575 924 661 denique
938 575 1051 638 Ulixes
1075 574 1169 638 affert
1191 596 1224 637 se
1237 575 1372 638 Achillis

198 704 311 766 corpus
342 705 384 746 ex
413 704 521 767 pugna
552 684 705 768 eripuisse
735 682 800 744 284
825 704 861 764 s,
890 681 922 743 id
952 681 1037 766 quod
1066 681 1286 765 compendium
1316 681 1370 762 (cf.

198 789 274 853 bibl.
297 810 346 874 ep.
370 791 399 870 5,
425 789 445 850 4
469 798 500 851 et
523 788 662 852 tabulam
686 785 865 869 Iliacam¹²l
889 788 980 851 Aiaci
1003 787 1122 851 tribuit.
1311 874 1313 878 Ι

305 896 412 980 Atque
434 895 513 958 haee
536 897 640 958 omnia
664 895 774 958 eadem
799 902 872 958 sunt
894 915 977 978 quae
1000 897 1050 957 vel
1076 897 1108 957 in
1127 895 1239 978 Iliade,
1264 895 1315 958 vel
1339 897 1371 957 in

197 1000 394 1087 Apollodori,
419 1001 534 1084 Procli,
547 999 584 1081 13)
609 1001 732 1085 Hygini
748 1000 924 1086 compendii
942 1002 1153 1085 expilatorum
1166 1001 1372 1064 relationibus

199 1109 357 1192 leguntur,
381 1107 440 1170 nisi
465 1107 549 1192 quod
565 1105 708 1189 Ovidius,
733 1114 767 1169 ut
790 1108 954 1192 utriusque
976 1107 1082 1169 herois
1105 1106 1216 1169 laudes
1230 1115 1371 1192 augeret,

198 1235 248 1276 res
262 1213 423 1299 paulisper
436 1213 571 1277 mutavit
593 1213 637 1294 (v.
651 1214 741 1276 Ehw.
757 1213 798 1276 ad
813 1216 865 1295 81,
882 1214 969 1295 230).
995 1214 1095 1276 Poeta
1114 1215 1209 1297 igitur
1224 1215 1372 1298 exempla

197 1342 254 1382 sua
276 1341 339 1383 nou
362 1321 456 1384 modo
479 1340 521 1382 ex
536 1320 649 1408 Iliade,
675 1320 729 1383 sed
754 1342 794 1382 ex
813 1320 959 1383 omnibus
976 1323 1108 1404 sumpsit
1131 1341 1212 1404 quae
1236 1319 1373 1382 efficiunt

198 1428 319 1510 cyclum
344 1427 459 1490 fabulis
484 1409 644 1490 armorum
667 1426 815 1522 iudicium
832 1425 1098 1490 antecedentibus.
1127 1427 1168 1488 Et
1191 1426 1224 1489 id
1247 1427 1370 1510 agebat,

198 1541 232 1595 ut
248 1533 306 1595 sibi
332 1534 479 1618 exempla
502 1541 628 1618 praesto
652 1540 764 1612 essent,
789 1553 870 1615 quae
894 1534 945 1596 vel
970 1532 1010 1595 ab
1026 1533 1124 1596 Ulixe
1147 1536 1197 1597 vcl
1216 1533 1255 1596 ab
1272 1532 1371 1596 Aiace

198 1640 277 1702 obiei
306 1644 435 1724 possent
463 1639 653 1702 adversario.
701 1639 795 1702 Unde
819 1645 924 1702 autem
949 1640 1025 1702 talia
1048 1639 1241 1702 commodius
1263 1646 1373 1725 petere

198 1748 308 1830 potuit,
337 1747 399 1808 nisi
431 1767 473 1810 ex
502 1747 687 1831 compendio
718 1746 840 1828 eodem,
870 1747 954 1830 quod
978 1745 1191 1829 Apollodorus
1219 1746 1372 1830 Hyginus

198 1853 327 1915 Procius
357 1853 484 1916 tabulae
519 1853 636 1915 Iliacae
674 1862 780 1916 auctor
812 1854 1014 1916 asciverunt?
1060 1851 1205 1915 Concedo
1237 1851 1371 1915 Iliadem

197 1968 262 2021 tam
285 1960 364 2023 bene
388 1960 513 2024 novisse
536 1966 661 2044 poetam
684 1961 874 2042 Romanum,
899 1968 934 2022 ut
959 1960 1051 2022 facile
1075 1962 1102 2020 ei
1127 1961 1274 2044 exempla
1297 1966 1372 2044 apta

198 2066 230 2127 in
261 2068 443 2130 memoriam
476 2068 631 2148 venirent,
665 2087 701 2128 ac
732 2086 845 2130 revera
874 2068 907 2128 in
937 2066 1030 2128 rebus
1064 2065 1170 2128 Iliacis
1202 2066 1372 2129 afferendis

198 2173 349 2235 librorum
373 2172 515 2236 ordinem
538 2173 687 2255 neglegit.
712 2170 757 2234 At
772 2173 896 2256 reliqua
918 2172 1027 2235 ordine
1042 2180 1150 2234 narrat
1163 2172 1285 2255 eodem,
1310 2194 1371 2257 quo

198 2301 216 2340 a
234 2278 473 2364 mythographis
489 2279 681 2360 afferuntur,
706 2299 804 2363 quare
822 2300 893 2341 eum
917 2280 1118 2341 utilissimum
1142 2279 1220 2340 illud
1237 2279 1372 2342 enchiri-

198 2385 294 2468 dium,
326 2392 360 2449 ut
389 2386 536 2470 exempla
566 2386 624 2448 sibi
656 2387 797 2469 eligeret,
829 2386 1021 2470 percurrisse
1052 2385 1197 2448 arbitror.
1244 2385 1372 2448 Addam

197 2490 323 2554 easdem
351 2513 400 2554 res
424 2491 573 2556 Ovidium
602 2513 731 2555 narrare
760 2498 855 2577 atque
878 2492 1118 2577 Apollodorum,
1149 2500 1181 2554 et
1204 2495 1390 2577 praecipue

197 2598 255 2660 hae
279 2601 311 2661 in
327 2621 360 2661 re
377 2620 447 2662 cum
462 2620 499 2662 eo
513 2605 621 2662 contra
635 2599 783 2662 Proclum
797 2598 983 2680 consentire,
1007 2599 1092 2683 quod
1107 2621 1137 2660 v.
1155 2600 1195 2662 99
1211 2599 1372 2661 Helenum

196 2711 322 2790 captum
345 2727 416 2768 cum
432 2705 576 2768 Palladio
591 2712 681 2789 rapto
695 2705 867 2769 coniunxit.
900 2706 984 2768 Nam
999 2726 1069 2768 cum
1083 2705 1170 2768 Aiax
1194 2705 1283 2768 factis
1308 2707 1373 2769 suis

196 2813 349 2894 gloriatus
373 2817 429 2895 est,
454 2814 497 2874 sie
520 2814 606 2897 loqui
630 2813 735 2897 pergit
758 2835 788 2876 v.
812 2813 872 2874 98:

245 2917 404 2999 ,conferat
427 2918 475 2981 his
500 2918 626 2981 Ithacus
651 2918 793 2981 Rhesum
817 2918 1039 3003 imbellemque
1064 2919 1187 2982 Dolona

241 3023 534 3109 Priamidenque
559 3025 747 3087 Helenum
770 3034 881 3110 rapta
904 3046 983 3087 cum
1007 3025 1167 3087 Pallade
1191 3027 1368 3110 captum.“

196 3131 292 3204 Quod
321 3141 403 3194 recte
432 3133 471 3194 ab
499 3131 665 3194 Ehwaldio
695 3130 781 3212 (aun.
802 3131 843 3193 ad
866 3154 895 3194 v.
918 3132 973 3212 99)
1006 3131 1045 3193 ad
1076 3130 1152 3194 bibl.
1176 3154 1224 3217 ep.
1246 3133 1276 3214 5,
1302 3134 1321 3194 9
1346 3156 1370 3194 s.

196 3238 342 3301 refertur.
354 3237 392 3323 14)

303 3344 392 3417 Quae
416 3365 487 3408 cum
510 3345 554 3408 ita
577 3345 649 3428 sint,
674 3345 784 3408 eadem
808 3347 930 3408 ratione
953 3366 990 3407 ae
1005 3343 1121 3407 Thesei
1144 3346 1195 3408 vel
1221 3344 1370 3408 Herculis

196 3452 279 3515 facta
302 3451 435 3515 Ovidius
458 3453 603 3514 tractavit
626 3472 674 3535 ea,
705 3472 785 3536 quae
810 3452 849 3515 de
873 3451 993 3514 Troicis
1017 3452 1050 3514 in
1073 3451 1259 3535 compendio
1283 3452 1369 3535 legit.

195 3557 259 3620 Sed
282 3579 321 3620 ne
345 3557 513 3620 lectoribus
542 3558 672 3621 eruditis
700 3560 867 3621 molestum
891 3565 983 3639 esset,
1006 3566 1129 3642 partem
1153 3559 1370 3621 tantummode

195 3665 374 3728 fabularum
390 3663 499 3726 ordine
518 3667 659 3748 protulit,
682 3667 821 3751 reliquas
841 3673 956 3748 autem,
980 3672 1015 3727 ut
1034 3664 1067 3727 iu
1083 3664 1231 3727 Herculis
1250 3663 1366 3728 fabulis

195 3770 228 3851 (l.
254 3771 306 3834 IX
332 3772 393 3833 182
411 3770 481 3853 ss),
505 3769 545 3832 ab
560 3771 635 3857 ipsis
651 3772 799 3834 heroibus
821 3772 958 3834 breviter
974 3770 1267 3834 commemorandas
1282 3771 1365 3834 fecit.

303 3909 335 3979 12)
356 3909 394 3962 Of.
409 3909 640 3976 Jahn-Michaelis,
661 3911 765 3965 Grieeh.
779 3910 1019 3964 Bilderchrorriken
1038 3928 1063 3978 p.
1079 3914 1121 3962 28.

303 3998 335 4066 18)
355 4001 443 4054 Procli
462 4007 587 4068 excerpta
606 4016 659 4053 non
679 4002 795 4067 ipsorum
815 4002 950 4067 epicorum
969 4001 1114 4052 carminum
1127 4007 1282 4067 argumenta
1294 4015 1370 4067 prae-

195 4088 264 4154 bere,
288 4086 334 4139 scd
353 4105 386 4140 ex
405 4089 561 4157 compendio
581 4089 759 4158 mythologice
778 4088 885 4141 fluxisse
909 4088 1100 4142 demonstravit
1120 4089 1152 4141 Ε.
1166 4089 1260 4154 Bethe,
1280 4090 1370 4142 Herm.

195 4181 229 4229 26
249 4176 344 4244 (1891)
364 4194 389 4244 p.
405 4181 455 4230 593
474 4194 506 4230 ss.

303 4264 335 4332 14)
354 4265 529 4319 Consentiunt
552 4266 664 4319 Procius
684 4273 709 4319 et
727 4266 906 4335 hypotheseos
929 4267 1087 4321 Philoctetis
1112 4266 1253 4333 Sophoclei
1278 4271 1371 4318 auctor

196 4354 327 4407 Helenum
345 4353 454 4406 Achivis
472 4353 644 4422 praedixisse,
669 4355 816 4408 Philoctete
844 4371 876 4408 ex
895 4356 995 4408 Lemno
1016 4357 1103 4408 insula
1129 4353 1244 4407 adducto
1264 4354 1371 4406 Troiam

196 4449 301 4509 ceptum
316 4442 355 4493 iri.
383 4441 460 4508 Quod
479 4441 625 4494 seeundum
638 4443 832 4510 Apollodorum
847 4445 998 4498 Calchantis
1011 4443 1165 4495 vaticinium
1178 4447 1219 4494 est
1230 4442 1283 4509 (ep.
1298 4445 1322 4508 5,
1333 4443 1369 4509 8).

1210 4533 1226 4582 5
