3350 5184
783 411 1004 475 ..30-

308 628 401 694 quam
432 607 590 673 lavantem
621 609 737 673 inritus
768 608 893 692 viderit,
925 610 1043 696 primus
1073 607 1163 673 nobis
1193 609 1279 672 testis
1308 616 1356 672 est
1383 608 1479 672 Oalli-

307 714 435 778 machus
453 715 572 801 (hymn.
588 714 619 778 V
639 716 698 778 107
716 715 780 797 ss).
812 715 1023 780 Callimachus
1040 724 1145 780 autem
1160 724 1267 780 narrat
1279 713 1480 802 »ἀμάρτυρον

308 821 429 886 οὐδέν.“
479 821 644 905 Convenit,
669 822 753 908 quod
777 825 933 907 cognitam
959 823 1100 887 fabulam
1123 825 1292 908 multisque
1316 821 1480 908 probatam

308 928 406 992 tuisse
418 928 508 992 docet
522 927 606 1013 Apd.
619 927 675 991 ΙΙΙ
692 929 751 992 30:
780 929 848 1010 „aad
864 932 975 993 τοῦτον
991 929 1170 1017 ἐτελεύτησε
1187 930 1265 1011 (soil.
1281 930 1298 992 ὁ
1318 929 1479 1011 Ἀκταίων)

308 1036 361 1097 τὸν
385 1035 510 1121 τρόπον,
535 1035 583 1104 u:
601 1036 660 1121 μὲν
688 1034 888 1104 naucellae:
914 1037 1007 1114 λέγει,
1034 1036 1226 1125 μηνίσαντος
1252 1039 1307 1100 τοῦ
1334 1038 1410 1105 no:
1431 1036 1479 1099 ὅτε

308 1141 539 1227 ἐμνηστεύσατο
571 1141 718 1229 Σεμέλην,
757 1143 805 1210 ὡς
841 1143 876 1206 δὲ
911 1142 942 1206 οῖ
970 1142 1120 1218 πλείονες,
1156 1143 1204 1207 ὅτε
1236 1142 1291 1228 τὴν
1330 1143 1480 1229 ’Ἄρτεμιν

308 1249 476 1335 λουομένην
500 1249 591 1312 attat

414 1355 505 1430 Quod
533 1357 629 1441 igitur
653 1357 785 1422 Ovidius
809 1366 926 1441 narrat,
958 1359 1052 1422 etiam
1076 1361 1108 1422 in
1132 1358 1317 1443 compendio
1342 1358 1478 1439 exstitit3

307 1472 400 1549 atquc
425 1486 621 1550 summopere
645 1466 727 1548 sapit
749 1464 1054 1550 mythographerum
1077 1465 1251 1530 doctrinam
1270 1487 1383 1528 canum
1397 1471 1479 1528 cato-

307 1573 398 1654 lngus
409 1569 456 1653 ¹⁶),
493 1593 586 1656 quem
617 1569 749 1635 Ovidius
784 1574 915 1657 praehet
950 1571 1005 1635 ΙΠ
1036 1574 1100 1635 206
1129 1595 1169 1636 ss.
1217 1573 1257 1636 In
1291 1571 1480 1635 bibliotheca

307 1684 411 1742 autem
429 1679 562 1741 similem
582 1678 716 1741 indicem
730 1680 888 1742 exstitisse
907 1680 1138 1743 demonstratur
1153 1701 1224 1743 cum
1244 1679 1387 1744 versibus
1406 1679 1478 1762 iltis,

308 1787 361 1870 qui
379 1786 489 1848 11132
514 1787 627 1851 servati
653 1793 735 1867 sunt,
759 1792 826 1849 tum
849 1785 918 1869 hoc,
943 1786 1027 1872 quod
1051 1788 1159 1850 11131
1186 1793 1364 1869 annotatur,
1389 1788 1478 1872 quin·

308 1895 459 1978 quaginta
481 1890 650 1956 Actaeonis
674 1913 766 1956 canes
790 1893 897 1958 tuisse.
941 1893 1029 1966 Quae
1053 1893 1150 1958 verba
1174 1892 1251 1980 quid
1274 1894 1332 1958 sibi
1358 1895 1478 1975 volunt,

307 2002 365 2063 nisi
391 2001 621 2086 quinquaginta
644 2007 757 2066 eanum
779 2002 907 2064 nomina
930 2022 1042 2065 revera
1066 2008 1250 2065 enumerata
1273 1999 1425 2064 fuerunt?

414 2107 587 2172 Maximam
610 2131 686 2172 vcro
700 2110 764 2173 vim
788 2109 862 2171 huic
877 2109 922 2170 rei
947 2108 1093 2191 tribuam,
1118 2108 1202 2194 quod
1218 2107 1351 2171 Ovidius
1368 2107 1480 2170 cadem

309 2215 375 2278 fere
405 2221 513 2278 narrat
540 2238 576 2280 ac
605 2215 803 2297 bibliotheca,
832 2237 891 2278 nec
919 2216 1075 2300 simplices
1104 2217 1190 2277 illius
1219 2214 1347 2278 fabulae
1378 2216 1478 2277 lineas

307 2343 370 2385 non
394 2325 531 2386 servavit
554 2345 657 2408 neque
681 2321 802 2387 addidit
825 2345 844 2386 a
867 2323 1098 2408 mythographo
1122 2325 1227 2385 aliena
1248 2329 1375 2407 praeter
1403 2323 1480 2385 talia

308 2429 414 2515 qualia
438 2428 478 2492 ad
502 2437 688 2514 apparatum
704 2430 859 2506 poeticum
876 2431 1044 2514 pertinent,
1069 2430 1156 2493 velut
1169 2429 1262 2493 vallis
1278 2428 1479 2514 Gargaphiae

308 2542 338 2598 et
363 2537 457 2599 fontis
481 2538 547 2599 cius
572 2537 782 2600 amoenissimi
807 2536 1046 2622 descriptionem
1070 2536 1138 2618 (ΙΙΙ
1165 2537 1226 2599 155
1245 2537 1307 2618 ss).

415 2642 610 2715 Quaerentes
634 2645 706 2727 iam,
737 2665 812 2707 num
843 2644 1031 2706 narrationis
1061 2643 1182 2706 lumina
1213 2650 1323 2728 poetae
1355 2643 1480 2706 cuidam

307 2749 392 2813 Naso
409 2749 532 2831 debeat,
557 2750 628 2813 licet
651 2772 718 2814 rem
744 2750 909 2814 absolvere
927 2772 990 2814 non
1013 2751 1177 2835 possimus,
1204 2759 1311 2813 tamen
1334 2749 1420 2813 haud
1443 2757 1478 2812 ut

307 2877 398 2942 spero
414 2858 482 2920 sine
499 2858 603 2920 fructu
619 2858 652 2919 in
668 2859 932 2943 comparationem
946 2857 1127 2921 vocabimus
1142 2857 1174 2919 N
1176 2858 1248 2920 enni
1267 2859 1478 2920 narrationem

308 2963 462 3043 (DionV
490 2965 690 3047 nsi—551).
737 2964 826 3036 Quae
859 2986 928 3028 cum
959 2963 998 3028 ab
1029 2964 1185 3028 Ovidiana
1219 2964 1418 3048 simplicitate
1448 2970 1479 3025 et

308 3072 465 3154 elegantia
488 3073 669 3156 longissime
699 3079 818 3135 remota
843 3073 892 3154 sit,
928 3072 986 3136 hac
1021 3093 1096 3134 sane
1132 3074 1164 3134 in
1199 3093 1233 3134 re
1270 3092 1341 3134 cum
1364 3070 1477 3135 Ovidio

307 3180 459 3262 congruit,
483 3179 675 3242 Actaeonem
692 3186 846 3243 mutatum
871 3179 1018 3264 loquendi
1043 3179 1170 3262 quidem
1195 3179 1377 3242 facultatem
1401 3179 1478 3241 ami·

307 3287 392 3368 sisse,
417 3293 554 3348 mentem
569 3293 674 3349 tamen
690 3286 860 3349 humanam
875 3287 1040 3349 retinuisse
1053 3282 1100 3367 ¹⁷).
1141 3285 1234 3358 Quod
1257 3285 1362 3370 lepide
1379 3285 1479 3350 variat

307 3391 439 3456 Ovidius
463 3416 492 3457 v.
511 3394 572 3456 201
600 3417 658 3457 ss:

419 3501 496 3580 „‘me
519 3500 695 3563 miserum?
721 3500 860 3563 dicturus
884 3507 965 3564 erat:
991 3522 1054 3564 vox
1078 3502 1166 3563 nulla
1191 3508 1297 3563 secuta
1321 3505 1375 3562 est.

414 3608 582 3692 ingemuit:
607 3629 671 3670 vox
695 3607 750 3670 illa
773 3608 843 3691 fuit,
869 3609 1077 3693 lacrimaeque
1100 3629 1157 3693 per
1180 3629 1236 3671 ora

414 3736 477 3777 non
502 3737 558 3778 sua
580 3715 755 3798 fluxerunt3
780 3736 867 3778 mens
892 3722 1011 3778 tantum
1036 3717 1167 3800 pristina
1191 3715 1334 3778 mansit.“

416 3857 448 3925 ¹⁰)
467 3857 564 3926 Hygini
584 3856 695 3908 duorum
722 3858 900 3924 catalogorum
926 3857 1037 3910 alterum
1064 3873 1096 3907 ex
1116 3855 1210 3908 Ovidio
1236 3854 1345 3907 fluxisse
1371 3860 1397 3905 et
1416 3854 1480 3906 erdo

309 3949 442 4000 norninum
471 3946 548 3999 docet
576 3952 601 3998 et
630 3952 682 3998 tres
710 3961 789 3998 canes
817 3949 926 3999 seorsim
953 3949 977 3998 io
1004 3945 1055 3997 tine
1084 3947 1237 4010 enumerati,
1269 3946 1314 4010 qui
1346 3945 1422 4011 primi
1454 3945 1479 3994 in

307 4040 469 4090 Actaeonem
490 4037 620 4088 irruerint.
640 4038 716 4088 Alter
735 4041 822 4088 autem
842 4037 1032 4104 quinquaginta
1050 4034 1105 4087 fere
1126 4036 1232 4088 nomina
1251 4033 1358 4086 exhibet
1377 4032 1481 4088 diversa

308 4128 395 4179 omnia
414 4125 446 4177 ah
461 4125 556 4177 (lvidie
575 4131 680 4192 praeter
699 4124 759 4177 duo
779 4127 815 4176 At
828 4125 948 4193 Hyginus
968 4124 993 4174 iu
1013 4123 1110 4175 talibus
1123 4138 1312 4190 saepenumero
1325 4121 1358 4174 ab
1371 4122 1480 4188 Apollo·

307 4215 372 4268 doro
396 4213 513 4266 eiusdem
537 4213 685 4281 compendii
710 4215 883 4281 epitomatore
907 4213 1039 4265 aliherret.
1077 4213 1117 4264 Ita
1141 4220 1245 4265 centum
1269 4213 1375 4264 nomina
1394 4211 1481 4263 Danai

307 4303 421 4356 filiarum
448 4310 474 4356 et
501 4319 656 4370 generorum
685 4305 773 4356 omnia
801 4306 903 4370 exeptis
931 4303 1024 4367 viginti
1053 4300 1106 4353 fere
1135 4300 1239 4353 diversa
1267 4301 1375 4369 praehet
1402 4307 1480 4365 atque

307 4393 486 4461 Apollodorus
505 4391 550 4462 (ci.
564 4393 632 4460 Hyg.
646 4392 663 4444 f.
680 4396 743 4460 1703
763 4392 825 4444 hihi.
841 4391 866 4444 ΙΙ
889 4394 920 4444 16
939 4392 994 4459 ss).

416 4481 447 4552 ¹⁷)
467 4483 587 4535 Wentzel
610 4485 635 4534 in
656 4482 831 4552 Pauly-wisa.
847 4484 897 4533 lex.
911 4499 931 4534 s.
947 4499 968 4533 r.
983 4482 1113 4549 Ahtaion;
1133 4481 1183 4533 vol.
1197 4479 1218 4546 Ι,
1238 4481 1287 4532 οο1.
1305 4483 1381 4532 1210.
