3350 5184
645 431 865 496 ...33-

168 629 318 717 phosibus
341 630 425 696 June
450 632 530 695 irato
553 636 609 715 est,
634 631 709 718 quia
732 631 875 696 Bacchus
890 629 1129 717 Tyrrhenorum
1152 629 1339 716 Minyadnm

168 738 301 802 Penthei
326 739 481 824 exemplis
504 745 690 824 potestatem
713 759 801 802 suam
825 737 966 802 divitiam
989 738 1134 802 ostendit.

276 844 439 919 Quomodo
470 852 576 908 autem
599 845 770 932 Tisiphone
799 845 891 908 Inoni
924 854 955 907 et
977 844 1162 908 Athamanti
1187 843 1342 908 insaniam

170 953 343 1035 incusserit,
366 953 425 1016 hoe
448 951 597 1017 Ovidium
622 952 793 1016 secundum
814 951 993 1037 Vergilium
1017 972 1146 1015 narrare
1169 951 1213 1016 Μ.
1230 952 1342 1036 Haupt

170 1059 249 1123 vidit
265 1060 309 1141 (v.
326 1068 431 1124 annot.
448 1067 521 1124 met.
537 1057 587 1122 IV
611 1059 689 1142 4953
715 1064 789 1123 met.
804 1057 855 1122 IV
878 1059 1053 1122 495--499
1078 1087 1121 1111 =
1143 1058 1242 1143 Verg.
1258 1057 1339 1122 Aen.

169 1165 236 1230 VII
262 1167 461 1250 346-353).

277 1272 481 1338 Manifestum
510 1283 557 1339 est
585 1275 681 1360 igitur
709 1274 859 1338 Ovidium
888 1294 907 1336 a
930 1272 1074 1358 Vergilio
1105 1271 1252 1360 pendere,
1281 1272 1342 1335 nisi

171 1377 256 1465 quod
279 1381 416 1446 imitator
440 1383 634 1445 atrocitatem
658 1383 761 1464 auxit3
791 1403 847 1445 suo
871 1388 975 1446 autem
1000 1381 1101 1444 Marte
1124 1380 1249 1444 Tartari
1273 1379 1342 1442 des-

170 1487 354 1572 criptionem
378 1489 574 1574 interposuit,
600 1508 695 1573 quarn
719 1487 890 1552 luminibus
906 1509 976 1552 curn
1000 1508 1042 1551 ex
1057 1484 1200 1552 Aeneide
1218 1493 1285 1550 tum
1299 1506 1341 1549 ex

171 1593 312 1679 Odyssea
335 1594 528 1680 depromptis
544 1602 729 1659 exornatam
744 1615 811 1659 esse
835 1594 878 1659 M.
897 1595 1009 1680 Haupt
1022 1595 1186 1658 annotavit
1199 1592 1254 1674 (ad
1267 1597 1341 1655 met.

171 1698 220 1763 IV
243 1701 332 1783 443).
372 1702 409 1765 In
432 1703 615 1767 universum
638 1708 743 1765 autem
767 1699 919 1766 OvidIum
941 1701 1057 1765 talibus
1080 1700 1342 1787 descriptionibus

170 1827 362 1892 magnopere
394 1807 562 1871 indulsisse
593 1808 740 1872 discimus
773 1831 814 1872 ex
848 1809 896 1891 iis,
921 1830 1002 1894 quae
1027 1807 1065 1872 de
1089 1807 1190 1871 Fama
1212 1809 1342 1894 eiusque

171 1915 319 1999 spelunca
352 1913 435 1995 (XII
470 1915 627 1998 39-63),
651 1914 691 1979 de
727 1913 854 1981 Invidia
878 1915 928 1998 (II
953 1914 1153 1996 loo-801),
1182 1913 1222 1977 de
1244 1913 1342 1977 Fame

172 2019 270 2101 (VIII
288 2022 487 2103 788-822),
504 2021 543 2084 de
556 2021 672 2085 Somno
688 2021 749 2104 (XI
767 2023 957 2104 osa—ode)
970 2021 1112 2086 versibus
1126 2018 1342 2102 mandavit.¹⁸)

278 2126 331 2191 Ad
355 2129 455 2212 ipsam
478 2129 541 2192 iarn
565 2127 707 2192 fabulam
721 2129 904 2194 accedentes
919 2129 961 2192 nil
988 2130 1165 2194 invenimus
1189 2129 1221 2191 in
1238 2127 1343 2192 Ovidii

172 2237 362 2319 narratione,
400 2235 484 2321 quod
521 2235 722 2317 demonstret,
760 2235 908 2300 Ovidium
945 2242 1071 2320 praeter
1114 2234 1342 2319 compendium,

171 2341 255 2405 unde
287 2362 359 2405 eum
392 2342 532 2406 fabulam
564 2344 705 2406 attulisse
736 2363 830 2428 supra
863 2344 907 2427 (p.
928 2344 980 2424 19)
1012 2342 1214 2423 ostendimus,
1246 2341 1344 2406 alium
1443 2378 1449 2392 ·

173 2448 292 2511 fontem
317 2449 466 2535 scriptum
490 2449 673 2534 frequenter
696 2451 854 2515 ascivisse.

279 2555 463 2641 Legebatur
486 2557 517 2619 in
541 2557 735 2643 compendio,
759 2554 985 2620 Athamantem
1009 2558 1041 2620 in
1066 2558 1231 2620 venatione
1246 2555 1344 2642 (Apd.

173 2664 226 2727 III
261 2668 317 2728 28:
357 2662 424 2744 ,rba
454 2664 571 2749 ἔλαςον
603 2662 802 2751 θηρεύσαςῆ
836 2663 924 2749 Hyg.
945 2664 967 2727 f.
986 2665 1020 2726 5:
1059 2665 1109 2745 ,in
1141 2663 1343 2745 venatione“)

173 2770 349 2835 Learchum
372 2769 531 2834 occidisse.
567 2770 626 2834 eui
650 2772 694 2834 rei
710 2770 842 2834 Ovidius
866 2770 993 2856 obloqui
1010 2770 1144 2854 videtur,
1169 2792 1238 2833 curn
1263 2768 1346 2834 dicat

173 2877 396 2941 Athamantem
412 2879 556 2940 insanum
572 2879 752 2963 opinantem
769 2897 803 2940 se
827 2879 859 2941 in
874 2880 1040 2942 venatione
1055 2878 1175 2942 versari
1200 2880 1236 2940 in
1259 2880 1345 2941 aula

174 2987 252 3048 retia
273 2984 401 3049 tendere
423 2985 549 3048 comites
571 2985 695 3048 iussisse
714 2986 943 3069 coniugemque
965 3006 1035 3048 cum
1058 2985 1131 3048 filiis
1151 2992 1186 3048 ut
1202 2986 1345 3048 leaenam

173 3091 294 3172 (eontra
310 3091 395 3177 Apd.
410 3092 431 3154 l.
445 3093 482 3154 l.:
502 3091 570 3172 ,ibt
585 3093 735 3177 e'lopot“)
760 3100 911 3154 sectatum
935 3113 1012 3155 esse.
1038 3091 1101 3156 Sed
1117 3093 1257 3156 consulto
1271 3092 1345 3156 Ovi·

173 3197 242 3263 dius
254 3221 321 3262 rern
333 3201 474 3262 mutavit.
491 3198 694 3284 Tisiphonem
706 3200 788 3262 enim
799 3199 932 3263 Inonem
942 3199 1207 3263 eththamantem
1216 3200 1247 3262 in
1259 3200 1346 3284 regia

174 3307 367 3389 quaesivisse
390 3311 500 3368 narrat
524 3305 601 3386 (486
627 3306 681 3387 ss.)
706 3305 840 3389 ideoque
871 3326 937 3369 rem
966 3307 1009 3369 ita
1033 3307 1136 3389 vertit,
1160 3313 1196 3369 nt
1218 3305 1346 3369 eaedem

174 3433 236 3475 non
260 3413 293 3475 in
316 3412 415 3493 silvis,
440 3411 495 3475 sed
519 3411 587 3497 ipsa
612 3413 643 3475 in
668 3413 756 3498 regia
779 3419 851 3476 ante
875 3413 982 3476 oculos
1006 3413 1114 3477 Inonis
1139 3413 1255 3476 factam
1278 3434 1346 3476 esse

174 3519 271 3601 dicat3
296 3540 358 3605 qua
382 3521 502 3583 ratione
525 3521 713 3583 narrationis
738 3520 785 3584 vis
809 3524 841 3582 et
863 3528 965 3584 terror
989 3520 1081 3584 valde
1105 3527 1213 3583 auctus
1237 3526 1293 3582 est.

281 3625 374 3700 Quod
388 3631 493 3690 autern
507 3625 639 3691 Ovidius
659 3626 790 3710 addidit,
814 3625 1004 3713 deprecante
1020 3628 1146 3691 Venere
1162 3627 1296 3690 Inonem
1312 3628 1344 3690 in

173 3733 268 3796 maris
296 3732 427 3796 dearum
460 3754 626 3796 numerum
658 3755 677 3796 a
710 3733 859 3818 Neptuno
890 3742 1049 3820 aoeeptam
1080 3754 1148 3798 esse
1179 3733 1254 3815 (531
1281 3733 1346 3816 ss),

174 3841 268 3903 simili
299 3839 392 3904 modo
422 3839 701 3926 metamorphoseis
733 3843 850 3904 multas
883 3841 924 3906 ab
947 3841 1061 3907 Ouidio
1090 3839 1249 3904 inchoatas
1280 3861 1347 3904 esse

173 3967 295 4030 moneo,
329 3967 410 4030 eum,
439 3954 474 4010 ut
504 3949 651 4032 exempla
680 3947 821 4031 afferam,
854 3946 1245 4011 resumendum
1273 3947 1347 4011 Jovi

283 4141 314 4209 18)
334 4142 431 4194 Notam
456 4157 520 4210 prae
546 4157 573 4194 se
600 4140 688 4194 ferunt
713 4140 910 4194 Alexandrinae
933 4156 1044 4210 poeseos
1062 4142 1129 4194 tales
1148 4140 1347 4209 descriptiones.

173 4233 214 4284 Ac
237 4246 329 4284 revera
352 4232 501 4298 exemplum
525 4229 680 4283 Callimachi
706 4237 833 4296 tenemus,
860 4233 906 4298 qui
929 4230 1017 4299 hymn.
1038 4234 1062 4296 2,
1084 4235 1133 4283 105
1159 4246 1192 4284 ss.
1218 4228 1348 4282 Invidiam

174 4319 286 4386 induxit,
306 4325 333 4372 et
351 4321 377 4372 in
398 4320 509 4373 Coroebi
530 4317 620 4372 tabula
640 4321 665 4370 tu
685 4319 712 4370 a‘
728 4323 819 4372 nitriae
833 4325 978 4373 monstrum
991 4317 1109 4371 divinum
1125 4324 1169 4382 τὴν
1188 4323 1284 4380 Ποινήν
1304 4318 1348 4371 de-

174 4411 304 4478 pinxerat.
324 4407 364 4462 ef.
379 4409 445 4462 Stat.
458 4408 541 4462 Theb.
557 4409 568 4460 1
587 4411 639 4462 597
658 4425 700 4477 ss,
713 4423 779 4475 quos
793 4399 929 4462 versus'ex
942 4407 1103 4461 CaIIImacho
1116 4407 1223 4462 fluxisse
1236 4407 1348 4460 Knaaek

176 4497 289 4552 ostendit
309 4499 385 4551 Anal.
401 4497 568 4553 Alea-Rom.
581 4515 606 4566 p.
623 4502 654 4550 14
674 4514 708 4551 ss.

1189 4591 1205 4642 3
