3350 5184
673 411 871 473 ,7-

291 606 407 670 Delum
431 606 544 670 deinde
568 607 703 678 insulam
728 607 830 670 ventis
854 603 1000 669 secundis
1023 607 1182 689 attingunt
1206 603 1275 681 (Os.
1293 604 1357 665 630

185 736 240 796 ss.;
265 713 362 799 Verg.
382 716 421 778 73
444 715 510 796 sal,
540 715 592 778 ubi
621 713 661 785 ab
685 712 769 776 Anio
797 734 874 799 rege
900 713 1036 798 hospitio
1063 713 1263 797 excipiuntur
1285 711 1358 789 (Ov.

185 821 249 884 632
270 843 310 903 s.;
334 821 431 906 Verg.
450 821 574 904 Silas).

292 927 336 991 At
356 929 419 991 iam
440 926 573 991 Ovidius
590 927 769 1011 Vergilium
791 927 902 991 ducem
921 926 1041 990 dimisit
1059 926 1162 1009 (634).
1187 925 1358 990 Nemeum

185 1036 336 1120 proximis
360 1035 466 1098 verbis
490 1035 594 1118 adea,
619 1055 700 1124 quae
724 1034 887 1119 Vergilius
907 1057 936 1098 v.
953 1037 994 1098 82
1019 1035 1122 1098 obiter
1145 1034 1185 1096 de
1200 1033 1357 1100 Anchisae

185 1149 216 1205 ot
245 1143 320 1206 Anii
355 1142 490 1226 hospitio
524 1144 794 1225 commemoravit,
829 1141 869 1205 do
902 1162 958 1205 suo
993 1142 1147 1204 nonnulla
1183 1139 1358 1205 addidisset

185 1250 264 1332 (634
280 1272 335 1332 ss.;
360 1249 399 1314 of.
417 1257 521 1313 tamen
538 1272 567 1313 v.
584 1250 648 1314 643
670 1270 740 1312 oum
756 1249 854 1334 Verg.
872 1271 899 1313 v.
917 1250 983 1331 81),
1007 1247 1084 1312 Anii
1106 1248 1244 1312 filiarum
1267 1247 1358 1316 fabu-

187 1358 249 1420 lam
272 1358 413 1421 inseruit.
443 1357 549 1441 Atque
565 1357 708 1421 attendas
732 1378 850 1442 quaeso
874 1378 937 1442 qua
959 1358 1081 1418 ratione
1097 1355 1229 1421 Ovidius
1245 1357 1357 1420 transi-

185 1471 250 1527 tum
274 1463 314 1526 ad
337 1485 452 1528 novam
476 1485 542 1527 rem
557 1465 676 1527 fecerit.
708 1464 792 1526 Nam
806 1468 888 1526 inter
906 1464 1025 1549 epulas,
1041 1462 1117 1526 dum
1132 1463 1236 1526 Anius
1251 1463 1356 1546 hospi·

185 1579 294 1656 tesque
322 1592 471 1653 ,munera
494 1594 564 1636 eum
590 1570 709 1654 liquido
733 1573 862 1655 capiunt
885 1569 1188 1634 ee1·oaliaBaeoho“
1215 1571 1258 1652 (v.
1280 1570 1358 1647 639)

185 1678 338 1742 Anchises
362 1686 500 1742 veterem
525 1679 661 1742 amicum
683 1679 859 1762 interrogat
883 1677 922 1741 de
946 1680 1014 1742 eius
1038 1677 1155 1760 liberis,
1180 1697 1258 1761 quos
1281 1677 1357 1739 olim

186 1787 324 1870 quinque
352 1786 485 1850 viderat.
533 1785 614 1850 Tum
638 1794 729 1871 pater
752 1787 855 1850 Anius
885 1785 1023 1848 filiarum
1051 1806 1178 1848 suarum
1200 1790 1316 1847 sortem
1339 1803 1358 1845 a

185 1892 301 1956 Libero
325 1896 358 1956 in
381 1894 542 1957 columbas
566 1915 788 1958 conversarum
810 1900 928 1957 narrat.
938 1891 962 1976 ²)

292 2001 405 2085 Neque
434 2002 537 2064 minus
570 2023 603 2063 se
636 2001 767 2086 dignum
799 2010 892 2086 poeta
929 1999 1075 2063 adhibuit
1108 1999 1288 2082 artificium,
1323 2006 1358 2061 ut

186 2108 309 2171 Orionis
325 2108 461 2172 filiarum
486 2108 627 2171 fabulam
639 2106 664 2190 ³)
689 2116 760 2194 apte
785 2108 913 2172 afferret
936 2107 1150 2189 (oss-699).
1183 2106 1356 2192 Postquam

185 2217 268 2278 enim
292 2213 470 2300 Vergilium
494 2223 616 2280 secutus
640 2216 816 2299 adnotavit,
842 2215 994 2279 Troianos
1018 2214 1176 2300 Apollinis
1199 2215 1354 2298 templum

185 2322 299 2386 adiisse
328 2330 359 2387 et
387 2345 406 2387 a
434 2323 492 2387 deo
523 2325 686 2387 oraculum
716 2326 883 2408 accepisse,
914 2332 950 2386 ut
982 2325 1163 2408 „antiquam
1192 2323 1357 2404 matrem“,

186 2431 206 2494 i.
231 2452 256 2493 e.
283 2429 423 2512 Cretam,
462 2439 605 2517 peterent
640 2432 711 2514 (Ov.
737 2433 930 2513 oli—6793
967 2430 1063 2515 Verg.
1089 2429 1144 2492 III
1178 2429 1357 2512 84-120),

185 2544 301 2620 narrat,
325 2537 496 2602 Anchisem
519 2545 551 2602 et
566 2537 718 2619 Aeneam,
744 2546 913 2623 antequam
927 2537 1008 2601 Delo
1032 2538 1192 2619 abiissent,
1217 2537 1299 2600 ultro
1316 2539 1358 2598 ci·

185 2651 296 2730 troque
325 2643 408 2708 dona
439 2645 561 2709 dedisse
590 2653 621 2709 et
649 2646 806 2731 accepisse
830 2645 908 2727 (679
931 2646 996 2727 ss).
1043 2643 1202 2707 Anchisae
1231 2642 1358 2729 quidem

185 2752 287 2814 Anius
316 2753 488 2837 impertivit
517 2760 684 2838 sceptrum,
717 2752 856 2816 Ascanio
886 2753 1067 2838 pharetram
1096 2761 1126 2814 et
1149 2750 1357 2835 chlamydem,

185 2859 314 2923 Aeneae
336 2879 412 2923 vero
447 2866 600 2923 crateram
632 2859 672 2922 ab
696 2859 816 2923 Alcone
841 2859 968 2945 Hylaeo
1003 2858 1198 2941 fabricatam,
1230 2857 1263 2920 in
1296 2879 1358 2943 qua

186 2967 307 3029 caelata
335 2973 403 3029 erat
425 2966 608 3029 Thebarum
636 2967 721 3047 urbs,
752 2966 877 3029 Orionis
900 2966 985 3029 filiae
1008 2967 1072 3030 vim
1097 2966 1156 3029 sibi
1179 2964 1359 3046 afferentes,

188 3072 330 3136 Coronae
354 3075 484 3136 iuvenes
508 3096 549 3136 ex
573 3075 676 3136 cinere
700 3073 827 3136 illarum
852 3075 962 3137 exorti.

293 3180 389 3243 Redit
413 3181 551 3244 narratio
568 3180 608 3243 ad
623 3180 752 3243 Aeneae
776 3201 898 3243 errores
914 3203 943 3244 v.
962 3181 1035 3244 705.
1068 3180 1120 3243 Ex
1134 3179 1239 3263 Creta,
1263 3174 1359 3265 quam

186 3287 315 3351 Troiani
343 3289 470 3351 oraculo
499 3288 574 3351 moti
606 3289 771 3373 petierant,
802 3309 878 3351 mox
905 3288 1036 3373 profecti
1062 3287 1147 3369 (met.
1165 3287 1357 3369 705-7083

187 3393 266 3458 Aen.
281 3396 467 3477 121-1913
481 3396 521 3458 cf.
531 3397 620 3478 impr.
636 3396 820 3478 104--108,
835 3396 896 3459 170
908 3397 946 3478 a.)
961 3401 1145 3480 tempestate
1155 3395 1196 3457 ad
1207 3393 1358 3479 Stropha-

186 3502 241 3565 des
257 3502 374 3565 iusulas
392 3502 589 3585 deiiciuntur,
605 3503 688 3565 unde
705 3501 744 3565 ab
761 3502 917 3588 Harpyiis
930 3503 1132 3588 depelluntur
1147 3502 1219 3584 (Ov.
1237 3501 1300 3565 709
1317 3523 1357 3584 s.;

185 3609 283 3694 Verg.
302 3611 498 3688 lec-269).
524 3610 588 3673 Res
608 3609 692 3694 apud
716 3617 884 3694 utrumque
900 3619 1027 3696 poetam
1046 3609 1176 3672 eaedem
1193 3617 1274 3692 sunt,
1298 3609 1357 3671 nisi

187 3717 270 3803 quod
288 3739 335 3799 ea,
358 3738 439 3801 quae
455 3716 618 3802 Vergilius
630 3724 755 3780 eentum
772 3725 803 3780 et
820 3717 1049 3802 quinquaginta
1063 3717 1131 3780 fere
1145 3717 1288 3780 versibus
1303 3739 1358 3780 ex·

186 3825 323 3908 plicavit,
347 3825 480 3890 Ovidius
505 3825 537 3887 in
561 3845 676 3909 paucos
700 3827 864 3887 contraxit.
909 3823 996 3886 Nihil
1016 3832 1121 3888 autem
1141 3825 1251 3888 attinet
1274 3824 1358 3887 locos

187 3950 355 4014 apponere,
379 3934 430 4016 qui
448 3931 531 4016 apud
549 3938 717 4016 utrumque
734 3932 935 4014 conveniunt,
955 3931 1104 4016 quoniam
1120 3931 1159 3995 R.
1174 3930 1309 3994 Ehwald
1324 3932 1358 3994 in

188 4038 439 4101 annotationibus
463 4038 504 4101 ad
526 4045 600 4101 mot.
618 4037 707 4100 XIII
733 4039 796 4102 705
821 4059 861 4100 ss.
887 4037 1055 4123 diligenter
1078 4058 1130 4101 eos
1154 4038 1290 4122 collegit.

294 4210 316 4279 2)
336 4213 376 4265 De
389 4215 459 4266 Anio
474 4221 500 4266 et
513 4217 569 4267 eius
582 4214 832 4282 filiabusEuphorio
845 4230 950 4266 carmen
964 4220 1160 4282 composuerat3
1173 4213 1206 4266 ef.
1215 4213 1359 4266 Meineekii

186 4303 265 4354 Anal.
279 4302 356 4355 Alex.
377 4320 401 4370 p.
418 4307 458 4355 17.
487 4304 560 4356 Inter
579 4319 622 4356 res
643 4304 772 4357 Troianas
793 4302 909 4357 fabulam
928 4302 1018 4358 sedem
1036 4303 1160 4358 habuisse
1179 4300 1358 4373 Apollodorus

186 4392 261 4445 testis
280 4397 331 4458 est;
351 4391 384 4444 cl.
398 4391 459 4444 bibl.
474 4407 514 4460 ep.
528 4392 589 4445 Vct
603 4391 644 4444 IH
664 4397 705 4445 10.

294 4479 315 4554 ³)
336 4479 374 4534 cf.
389 4483 487 4537 Anton.
503 4481 615 4540 Liberal.
629 4484 671 4540 25.
