3350 5184
646 415 867 478 -35-.

273 615 303 677 2.
328 613 469 677 Proonae
500 612 665 677 horribilia
699 613 792 677 Terei
827 613 957 676 erimina
993 615 1055 676 tela
1090 613 1188 696 signis
1220 612 1342 675 intexta

330 727 439 805 aperta
455 742 523 783 esse
540 720 684 801 (Aristot.
699 720 787 784 Poet.
805 722 826 784 l.
844 722 863 784 Ι.
878 749 921 772 z
936 719 1032 805 Soph.
1048 719 1088 783 fr.
1104 721 1183 802 5383
1208 719 1248 782 tr.
1263 720 1342 801 5273

331 829 426 910 526);
460 848 535 912 ergo
563 827 682 891 Tereus
712 827 909 891 Philomelae
936 848 956 888 a
986 829 1083 890 sorori
1117 836 1256 889 remotae
1283 825 1343 902 ljo-

330 956 425 1020 guam
450 933 621 998 exciderat.

275 1045 304 1104 3.
330 1042 465 1105 Tereum
500 1041 655 1105 Proonam
689 1040 899 1105 Philomelam
932 1043 965 1104 in
997 1061 1072 1104 ares
1106 1062 1175 1103 esse
1209 1047 1344 1103 mutatos

329 1148 506 1234 (Aristoph.
524 1147 584 1213 Ar.
604 1147 666 1212 100
690 1169 732 1230 s.;
757 1147 847 1230 203).

278 1255 366 1330 Quae
400 1257 506 1319 omnia
539 1257 634 1319 etiam
673 1255 759 1340 apud
800 1253 950 1320 Ovidium
985 1255 1188 1318 inveniuntur
1225 1260 1255 1316 et
1287 1253 1345 1317 hoo

169 1365 347 1448 praecipue,
373 1362 456 1448 quod
480 1362 695 1449 ἀναγνώρεσιτ
721 1363 784 1425 tela
807 1363 906 1448 signis
935 1362 1057 1425 intexta
1081 1362 1165 1425 faeta
1188 1361 1236 1444 sit,
1262 1382 1345 1446 quae

168 1490 219 1532 res
244 1469 373 1533 fabulae
396 1470 590 1555 Sophocleao
614 1470 703 1555 quasi
727 1469 821 1533 cardo
846 1465 936 1551 est.²)

277 1577 321 1640 At
344 1579 439 1640 etiam
463 1576 596 1640 insonte
620 1597 676 1640 suo
693 1575 841 1659 fabulari,
866 1596 960 1661 quem
974 1575 1142 1660 diligenter
1156 1596 1228 1639 eum
1243 1575 1342 1638 adsol-

170 1686 253 1749 visse
277 1683 369 1748 modo
395 1683 540 1766 vidimus,
565 1683 698 1749 Ovidius
715 1684 848 1748 eandem
872 1682 1014 1747 fabulam
1038 1684 1115 1767 legit
1138 1682 1192 1763 (ol.
1209 1703 1290 1767 quae
1306 1682 1345 1745 do

168 1790 285 1854 haere
310 1793 441 1876 exposui
464 1814 494 1876 p.
510 1792 550 1854 23
576 1792 624 1873 a).
649 1789 835 1877 Apollodori
859 1789 928 1871 (III
956 1792 1018 1854 193
1033 1793 1073 1871 a.)
1096 1792 1180 1853 enim
1196 1792 1344 1871 narratio,
1411 1803 1414 1811 ’

169 1899 315 1984 quamvis
327 1897 420 1962 valde
433 1904 590 1962 eontracta
602 1897 836 1983 deourtataque,
850 1898 967 1982 optime
979 1918 1050 1960 oum
1062 1896 1176 1961 Ouidio
1188 1899 1342 1980 congruit,

170 2002 340 2068 dummodo
363 2025 401 2068 ea
417 2004 523 2067 demas
548 2025 629 2090 quae
653 2026 695 2068 ex
710 2004 810 2067 altera
830 2005 886 2066 illa
902 2003 1030 2067 fabulae
1055 2004 1157 2067 forma
1181 2004 1344 2066 influxisse

169 2118 312 2196 apparet,
327 2114 416 2175 euius
432 2114 517 2175 testis
535 2119 582 2174 est
595 2111 746 2197 Hyginus
770 2112 806 2193 (f.
821 2112 888 2193 45),
905 2110 1022 2175 scilieet
1036 2109 1143 2176 verba:
1166 2110 1280 2193 „sisai
1297 2133 1344 2173 τε-

170 2217 287 2281 θνάνα)
309 2217 471 2306 Hprixrtya“
499 2224 530 2282 et
558 2217 675 2300 „addes
694 2218 729 2281 δὲ
753 2219 858 2304 γήμας
873 2219 1046 2305 (delorop'iaa
1070 2216 1345 2306 συνηυνάζετο.“3)

280 2324 350 2388 Hoo
373 2330 494 2389 tantum
525 2326 557 2387 in
587 2347 650 2389 uno
674 2325 806 2389 Ovidius
833 2325 874 2389 ab
897 2325 1094 2412 Apollodoro
1125 2325 1230 2408 distat,
1262 2324 1345 2410 quod

169 2431 291 2495 Tereus
320 2433 478 2496 Thracum
506 2453 564 2496 rex
588 2432 672 2518 apud
695 2432 963 2518 mythographum
991 2440 1099 2496 eontra
1122 2432 1348 2495 Thebanorum

169 2560 281 2624 rogem
303 2538 487 2604 Labdaoum
515 2540 669 2603 auxilium
700 2540 762 2602 fert
794 2538 956 2620 (bibilll
991 2540 1077 2622 193),
1109 2539 1193 2624 apud
1222 2546 1346 2623 poetam

170 2654 280 2710 eontra
303 2646 454 2710 barbaros
479 2644 632 2733 quosdam
656 2647 794 2710 Attieam
818 2646 1003 2710 invadentes
1028 2645 1114 2727 (met.
1132 2644 1181 2707 VI
1206 2646 1270 2708 422
1296 2646 1345 2727 s).

170 2753 275 2827 Quam
299 2776 365 2818 rem
389 2754 428 2817 ab
453 2755 520 2840 ipso
545 2753 660 2818 Ouidio
685 2757 846 2818 inventam
861 2775 929 2817 esse
943 2760 1090 2840 apparet3
1115 2774 1189 2816 nam
1207 2751 1345 2816 Labdaci

170 2860 252 2923 illud
291 2861 423 2943 bellum,
462 2843 534 2925 oum
570 2861 663 2925 modo
701 2860 824 2924 Niobae
867 2862 996 2946 eiusque
1039 2860 1209 2923 liberorum
1256 2880 1346 2922 casus

171 2974 334 3030 tractasset
365 2974 395 3030 et
428 2965 601 3031 addidisset
640 2968 787 3030 finitimos
825 2968 1018 3031 liraeeorum
1053 2966 1184 3051 nobiles,
1222 2974 1348 3050 praeter

170 3074 392 3158 Athenienses,
424 3073 604 3138 consolandi
644 3095 738 3137 eausa
770 3074 897 3138 Thebas
936 3077 1129 3156 convenisse,
1165 3080 1274 3158 aptum
1306 3072 1347 3136 ad

170 3181 314 3244 Proonae
338 3181 479 3246 fabulam
503 3182 668 3245 transitum
692 3183 720 3244 ei
744 3203 808 3244 non
831 3181 987 3266 praebuit.
999 3180 1025 3263 4)
1101 3193 1108 3213 ⁸

279 3287 346 3350 Vix
369 3287 564 3352 Philomelae
592 3294 623 3350 et
646 3289 788 3352 Proenae
817 3289 927 3353 fabula
949 3300 1077 3352 narrata
1101 3288 1244 3371 lividius,
1277 3309 1347 3350 oum

281 3427 302 3495 ῃ)
321 3431 482 3481 Acetuatum
510 3428 662 3498 tragoediae
695 3429 859 3498 Sophocleae
889 3438 1071 3498 argumentum
1101 3429 1217 3482 dilucida
1244 3429 1350 3482 Libanii

172 3520 288 3571 rmrratio
308 3517 415 3585 praebet
433 3517 515 3586 (apud
535 3519 674 3572 Westerm.
693 3519 773 3589 myth.
793 3521 838 3574 Gr.
856 3537 882 3587 p.
901 3523 961 3587 382,
979 3519 1087 3587 LXIV),
1106 3534 1218 3587 quaeum
1238 3521 1264 3570 in
1284 3534 1348 3571 una-

171 3621 276 3675 quaque
297 3605 350 3659 fere
370 3623 397 3658 re
417 3608 533 3660 coireinit
553 3607 676 3676 Ovidius;
696 3615 774 3677 atque
795 3608 887 3662 eadem
907 3616 946 3661 est
969 3609 1108 3674 utrobique
1132 3623 1220 3676 eausa,
1245 3625 1277 3662 ex
1296 3625 1348 3676 qua

171 3703 257 3750 totum
276 3697 373 3748 uratum
393 3702 478 3748 ortum
497 3697 538 3762 sit,
558 3696 628 3764 quod
642 3698 751 3763 Terens,
773 3715 831 3751 eum
846 3700 948 3752 Procne
967 3714 1082 3752 sororem
1102 3697 1191 3750 videre
1211 3699 1348 3766 cupiverit,

173 3786 347 3839 Philomelam
366 3786 479 3839 Athenis
498 3784 645 3852 adduxerit,
663 3787 811 3852 similiaque
832 3788 982 3841 afferuntur
1000 3788 1033 3841 de
1052 3787 1222 3840 sollemnibus
1242 3789 1302 3854 illis,
1322 3789 1347 3838 in

172 3874 268 3942 quibus
287 3875 435 3928 Philomela
453 3877 536 3928 sorori
555 3877 666 3943 pallium
686 3875 754 3929 dono
774 3879 853 3929 misit.

281 3963 302 4032 8)
321 3963 403 4016 Nullo
428 3971 506 4030 paeto
532 3966 692 4017 conveniunt
719 3964 786 4018 haee
813 3966 894 4019 verba
922 3983 981 4020 oum
1010 3969 1049 4033 iis,
1075 3982 1142 4032 quae
1168 3964 1348 4035 Apollodorus

172 4053 254 4106 habet
279 4052 312 4106 de
338 4055 485 4107 Philomela
510 4070 526 4106 a
552 4053 636 4108 Tereo
664 4055 762 4107 violata
788 4062 815 4107 et
838 4055 870 4108 de
894 4055 977 4122 pallio
1001 4057 1112 4122 (atate)
1137 4055 1182 4108 illo
1206 4057 1287 4122 signis
1310 4057 1350 4107 ih·

172 4149 255 4207 texto,
275 4159 326 4208 quo
346 4142 493 4197 Philomela
512 4143 642 4197 Procnam
668 4143 700 4196 de
720 4145 800 4196 Terei
825 4145 934 4196 crimine
960 4145 1098 4196 certiorem
1119 4143 1223 4209 secerit;
1250 4146 1348 4211 optime

173 4237 261 4284 autern
280 4231 411 4299 quadrant
431 4235 456 4285 in
476 4233 574 4303 Hygini
595 4231 710 4286 fabulam
730 4237 772 4286 45.

280 4321 302 4389 ⁴)
323 4321 448 4375 Similiter
474 4322 583 4375 Ovidius
609 4323 692 4374 Itos
712 4323 838 4390 Daphnes
858 4329 884 4376 et
902 4321 975 4377 Ionis
994 4321 1095 4374 fabulas
1115 4321 1257 4374 coniunxit.
1298 4322 1347 4372 liei

174 4413 243 4464 enim
263 4409 382 4463 fluviales
405 4409 439 4463 ad
458 4413 583 4478 Peneum,
607 4413 653 4477 qui
672 4411 804 4478 Daphnen
828 4413 922 4475 amisit,
946 4413 1054 4462 veniunt
1079 4407 1232 4462 consolandi
1255 4425 1347 4476 oausa3

174 4502 245 4556 aolus
265 4501 379 4554 Inachus
398 4501 481 4569 abest,
501 4503 546 4570 qui
566 4503 620 4570 ipso
640 4501 731 4555 ionem
750 4501 830 4554 filiam
851 4502 948 4569 lugeat.
