3350 5184
782 433 979 496 -8,.

400 626 510 712 Pergit
533 628 617 712 apud
642 629 820 714 Vergilium
849 628 975 691 Aeneas
1006 650 1127 693 errores
1160 652 1232 693 suos
1261 652 1389 693 narrare
1417 631 1466 693 his

292 734 398 798 verbis
422 734 515 813 (Aen.
531 734 586 798 III
611 737 675 800 270
692 738 763 818 ssi:

404 844 498 924 „iam
521 843 625 906 medio
649 851 782 929 apparet
804 845 900 908 fluctu
923 865 1089 908 nemorosa
1113 845 1291 930 Zacynthos

399 950 684 1036 Dulichiumque
709 951 882 1036 Sameque
907 967 938 1016 et
960 952 1116 1016 Neritos
1141 952 1239 1015 ardua
1262 955 1364 1036 sexis3

399 1057 567 1142 effugimus
592 1060 735 1142 scopulos
761 1059 929 1141 Ithacae,
953 1060 1082 1122 Laertia
1104 1081 1212 1144 regua,

399 1172 430 1227 et
453 1171 570 1226 terram
593 1165 733 1228 altricem
757 1166 843 1229 saevi
867 1186 1052 1229 execramur
1075 1166 1198 1248 Ulixi3

399 1293 473 1334 mox
498 1279 528 1335 ot
551 1271 709 1335 Leucatae
732 1272 876 1336 nimbosa
899 1273 1062 1335 eacumina
1085 1275 1200 1336 montis

398 1385 430 1441 et
454 1378 640 1442 formidatus
664 1382 767 1443 nautis
791 1381 932 1467 aperitur
955 1380 1104 1466 Apollo.

399 1484 495 1548 Hune
517 1488 654 1571 petimus
679 1488 753 1551 fessi
777 1495 808 1551 et
832 1508 950 1572 parvae
975 1487 1168 1551 succedimus
1192 1487 1281 1569 urbi3

398 1613 512 1656 ancora
535 1594 575 1656 de
598 1616 693 1679 prora
716 1595 837 1676 iacitur,
862 1602 945 1659 stant
969 1597 1058 1659 litere
1082 1596 1233 1680 puppes.“
1248 1593 1273 1672 4)

292 1697 414 1771 Quibus
436 1701 628 1786 respondent
651 1701 737 1788 apud
760 1702 909 1766 Ovidium
932 1726 963 1766 v.
983 1703 1043 1766 711
1064 1725 1120 1766 ss:

402 1817 451 1888 „et
474 1810 546 1870 iam
569 1808 768 1871 Dulichios
792 1817 902 1894 portus
925 1809 1162 1895 ithacamque
1186 1810 1387 1896 Samonque

398 1913 637 2001 Neritiasque
661 1916 781 2000 domus,
805 1938 939 2001 regnum
964 1916 1085 1979 fallacis
1109 1917 1238 1979 Ulixis

398 2028 523 2106 praeter
547 2028 637 2085 erant
659 2024 757 2086 vecti:
783 2010 933 2086 certatam
958 2025 1010 2086 lite
1034 2023 1165 2086 deorum

397 2127 600 2192 Ambraciam
623 2132 769 2216 versique
793 2129 903 2194 vident
926 2131 984 2193 sub
1010 2132 1146 2215 imagine
1170 2152 1282 2194 saxum

398 2236 518 2320 iudicis,
543 2236 699 2300 Actiaco
724 2259 805 2323 quae
828 2260 911 2302 nune
935 2238 975 2302 ab
998 2238 1180 2324 Apolline
1204 2246 1278 2301 nota
1302 2246 1357 2320 est,

398 2345 603 2430 vocalemque
627 2367 683 2408 sua
709 2354 823 2409 terram
844 2345 1013 2408 Dodonida
1036 2367 1154 2432 quercu

398 2450 618 2537 Chaoniosque
643 2454 737 2536 sinus,
763 2453 816 2515 ubi
842 2456 906 2516 uati
932 2474 1006 2538 rege
1030 2452 1166 2516 Molosso

397 2561 484 2644 inpia
508 2560 655 2622 subiectis
680 2561 791 2645 fugere
815 2560 959 2624 incendia
982 2562 1124 2646 pennis.“

396 2668 540 2753 Apparet
562 2669 700 2732 imitator
723 2668 873 2753 Vergilii:
899 2667 1023 2731 easdem
1050 2669 1168 2731 insulas
1191 2682 1317 2752 praeter
1341 2668 1461 2753 Zacyn-

290 2775 378 2838 thum
394 2783 567 2858 enumerat,
592 2783 813 2838 commemorat
827 2775 968 2858 Ulixem,
993 2783 1101 2838 narrat
1115 2775 1268 2839 Troianos
1284 2775 1324 2838 ad
1335 2774 1463 2839 Aetium

289 2884 423 2945 venisse.
470 2882 600 2963 Tamen,
625 2892 659 2946 ut
683 2885 804 2946 intexat
829 2883 953 2945 fabulas
977 2883 1016 2946 de
1040 2883 1143 2946 iudice
1167 2883 1336 2946 Ambracio
1360 2890 1391 2944 et
1423 2881 1461 2944 de

289 3011 364 3074 rege
388 2988 598 3052 Molossorum
622 2991 722 3053 obiter
746 2998 1014 3072 commemoratas,
1039 2989 1077 3053 de
1102 3011 1157 3052 suo
1184 2989 1281 3072 addit,
1311 2989 1463 3052 Troianos

288 3094 490 3160 Ambraciam
514 3099 636 3160 venisse
667 3098 773 3183 ibique
797 3118 910 3160 saxum
933 3097 1059 3180 vidisse,
1084 3098 1117 3159 in
1140 3097 1224 3183 quod
1248 3096 1422 3181 Oragaleus
1437 3094 1462 3173 5)

288 3193 426 3267 mutatus
450 3205 499 3285 sit,
523 3225 580 3267 nee
603 3225 665 3268 non
685 3205 846 3267 oraculum
860 3203 1071 3267 Dodonaeum
1090 3202 1330 3286 „Chaoniosque
1355 3203 1458 3265 sinus“

287 3311 411 3394 adiisse,
435 3312 489 3375 ubi
507 3310 649 3375 Muniohi
667 3311 723 3374 lilii
749 3314 780 3373 in
799 3333 874 3376 aves
898 3312 1040 3374 conversi
1057 3311 1127 3374 sint.
1138 3308 1163 3387 ⁶)
1195 3309 1316 3382 Quibus
1333 3310 1458 3373 insertis

287 3420 369 3481 male
394 3419 518 3482 turbata
542 3427 589 3482 est
613 3420 734 3481 itineris
758 3421 848 3481 ratio.

394 3527 505 3611 Pergit
526 3526 689 3610 Vergilius
715 3526 768 3588 Ill
793 3528 854 3588 291
882 3550 921 3588 ss.
959 3524 1101 3587 Aeneam
1130 3525 1327 3605 „Phaeacum
1351 3526 1455 3588 arees“

286 3641 537 3718 praetervectum
560 3633 601 3695 ad
613 3632 803 3696 Buthrotum
826 3635 860 3694 in
883 3631 979 3717 Epiro
1003 3633 1185 3716 pervenisse
1211 3631 1318 3718 ibique
1342 3634 1375 3693 in
1394 3631 1458 3694 He·

394 3791 416 3861 ⁴)
435 3793 518 3846 Recto
537 3793 592 3844 talo
612 3792 660 3844 hos
679 3807 769 3844 versus
788 3808 840 3844 non
860 3798 928 3843 stare
950 3793 1000 3843 iarn
1020 3791 1102 3844 schol.
1123 3789 1232 3842 Aeneid.
1249 3789 1289 3841 lll
1308 3794 1358 3842 274
1374 3790 1461 3843 obser-

288 3884 371 3934 vavit:
393 3884 553 3946 „Leucatam
566 3883 774 3948 promontorium
786 3881 862 3948 Epiri
877 3883 949 3933 iuxta
961 3881 1129 3932 Ambraciam
1142 3881 1221 3931 situm
1235 3878 1302 3932 salso
1316 3881 1462 3932 autuurat‚“

289 3970 341 4023 Sed
359 3970 469 4024 fortasse
489 3972 641 4038 Apollinem
661 3971 800 4022 Actiacum
819 3971 954 4037 Vergilius
973 3969 1111 4021 intellexit.

394 4059 416 4128 ⁵)
436 4063 534 4113 Antan.
548 4059 661 4112 Liberal.
676 4064 692 4112 4
712 4059 757 4126 (ex
769 4057 916 4125 Nicandro)
937 4058 1092 4125 Cragaleum
1107 4060 1132 4108 in
1147 4058 1285 4124 llryopunr
1297 4064 1367 4109 terra
1380 4073 1462 4124 prope

286 4150 476 4218 Thermopylas
490 4149 623 4202 habitasse
637 4148 707 4202 dicit.
734 4149 792 4216 lpse
810 4147 922 4201 Ovidius
942 4146 1057 4200 subulam
1078 4150 1103 4198 iu
1118 4147 1199 4198 alium
1215 4148 1302 4199 locum
1316 4147 1461 4211 transtulit3

287 4237 319 4291 ci.
338 4239 448 4306 Plaehn,
468 4238 500 4291 de
520 4237 655 4291 Nicandro
679 4239 790 4304 aliisque
815 4240 902 4304 poetis
927 4238 1035 4291 Graecis
1058 4237 1091 4288 ab
1112 4235 1207 4289 Ouidio
1231 4235 1373 4302 adhibitis;
1401 4234 1461 4287 diss.

290 4329 349 4381 Hal.
366 4331 442 4396 1882,
456 4347 480 4396 p.
495 4331 529 4381 47
548 4344 568 4380 s,

393 4417 415 4486 ⁰)
435 4417 467 4471 cf.
494 4420 592 4471 Antou.
615 4417 728 4472 liberal.
752 4421 783 4470 14
808 4418 852 4488 (ex
872 4417 939 4470 Boei
965 4414 1178 4485 Ornithogonia‘?
1197 4414 1230 4468 cf.
1252 4415 1370 4481 Knaaclr,
1391 4414 1461 4467 anal.

286 4507 452 4562 Alex-Rom.
466 4524 491 4576 p.
508 4507 560 4575 10).
