3350 5184
653 413 874 472 -21-

289 610 367 690 ,iam
392 609 516 672 stabant
540 607 678 690 Thebae,
704 615 827 693 poteras
852 609 925 689 iam,
950 607 1079 692 Cadme,
1103 608 1203 672 videri

286 717 381 779 exilio
407 717 494 778 helix.
520 717 617 778 socrui
643 715 700 778 tibi
723 715 873 801 Marsque
897 716 1069 802 Venusque

285 826 499 908 contigerant,
524 823 585 886 huo
609 822 690 886 adde
715 845 814 907 genus
838 823 877 885 de
901 826 1033 908 coniuge
1058 831 1154 900 tanta,

283 937 329 993 tot
353 938 442 994 natos
466 936 618 1016 natasque
643 939 673 994 et
695 933 829 1015 pignora
852 952 925 992 cara
948 937 1087 1016 nepotes,

284 1039 340 1100 hos
364 1059 489 1124 quoquc
513 1039 576 1100 iam
600 1038 759 1100 iuvenes.“

284 1145 346 1207 His
378 1145 577 1230 respondent,
609 1165 690 1227 quao
721 1145 895 1207 accuratius
919 1144 1132 1229 Apollodorus
1161 1152 1273 1207 tractat
1296 1144 1349 1207 Ill

178 1256 219 1317 25
244 1276 268 1317 s.
317 1253 515 1338 Quamquam
547 1259 651 1315 autom
675 1251 807 1316 Ovidius
839 1274 895 1314 nec
926 1253 1045 1316 seruitii
1077 1253 1151 1314 aoni
1182 1252 1301 1315 Oadmo
1333 1273 1352 1314 a

177 1360 279 1423 Marto
304 1360 441 1446 impositi
465 1382 522 1422 noo
543 1359 652 1422 Oadmi
678 1367 709 1422 ot
733 1359 928 1422 Harmoniae
951 1361 1132 1444 nuptiarum
1158 1359 1350 1443 deorumque

177 1471 382 1532 convivorum
411 1469 602 1530 montionem
633 1468 717 1547 facit,
741 1463 866 1552 'quippo
897 1489 979 1552 quae
1009 1467 1086 1528 nihil
1116 1466 1157 1529 ad
1185 1480 1351 1529 metamor-

177 1576 302 1661 phoseis
318 1577 503 1660 pertineant,
529 1582 633 1636 tamen
649 1577 677 1636 oi
697 1575 782 1636 locus
806 1575 860 1636 illc
879 1582 1003 1659 praesto
1023 1575 1119 1636 fuisse
1135 1574 1270 1657 uidetur,
1295 1574 1350 1636 ubi

177 1683 441 1768 mythographus,
485 1691 653 1767 antequam
690 1680 730 1744 ad
766 1681 1011 1767 uniuscuiusque
1051 1681 1193 1744 facinora
1229 1684 1350 1763 transit,

180 1790 291 1854 Cadmi
315 1797 345 1852 ot
373 1790 570 1852 Harmoniae
600 1787 715 1852 liberos
747 1797 910 1852 enumerat
940 1788 1099 1871 additque,
1132 1788 1245 1874 quibua
1275 1790 1351 1851 viris

177 1897 260 1960 filiae
285 1899 459 1981 nupserint.

285 2005 325 2066 ln
356 2002 526 2066 Actaeonis
561 2003 767 2088 Semelaoquo
804 2003 921 2066 fabulis
953 2024 1033 2087 quae
1068 2013 1242 2086 sequuntur
1273 2003 1349 2065 nihil

179 2120 299 2197 pugnat
329 2133 399 2174 curn
430 2110 635 2191 bibliotheca3
670 2129 770 2193 neque
800 2111 904 2173 omisit
933 2108 1066 2173 Ovidius
1097 2131 1199 2194 neque
1231 2108 1353 2172 addidit

179 2220 238 2282 uisi
267 2239 349 2302 quae
380 2217 419 2279 ad
451 2224 634 2280 ornamenta
658 2218 847 2279 narrationis
870 2218 1038 2302 portinent.
1085 2225 1133 2279 Ac
1163 2239 1259 2303 supra
1290 2218 1351 2279 iam

178 2326 311 2407 ostendi,
345 2347 387 2388 ex
419 2323 562 2386 Semelae
597 2325 725 2387 fabulae
758 2324 908 2387 extremis
941 2325 1086 2387 versibus
1121 2325 1225 2408 colligi
1259 2346 1351 2408 posse

180 2432 358 2495 fabularum
375 2432 517 2494 ordinem
533 2454 551 2494 a
567 2431 757 2494 bibliotheca
776 2431 925 2494 traditum
940 2430 1054 2494 Ouidio
1072 2431 1230 2515 cognitum
1244 2432 1349 2494 fuisse.

286 2540 334 2602 Do
358 2539 500 2602 Pentheo
525 2538 760 2624 Tyrrhenisquo
785 2539 892 2622 paullo
922 2540 1023 2601 fusius
1048 2538 1352 2600 dissererenecesso

179 2653 226 2710 est
250 2647 334 2728 (met.
358 2646 414 2710 ΠΙ
439 2647 628 2728 511-733;
661 2646 736 2709 bibl.
759 2646 812 2708 ΙΙΙ
844 2647 998 2727 36-38).
1046 2644 1198 2709 Acoetam
1226 2645 1352 2730 Lydum

180 2754 322 2816 fabulam
354 2754 391 2815 de
422 2755 532 2838 piratis
563 2757 596 2816 in
628 2752 793 2838 delphinos
831 2753 960 2815 luntatis
994 2751 1136 2815 Pentheo
1172 2760 1352 2815 narrantem

179 2861 304 2923 induxit
326 2859 459 2923 Ouidius
489 2859 674 2945 Euripidem
705 2867 839 2940 secutus,
876 2858 960 2944 apud
996 2880 1089 2944 quem
1122 2859 1282 2944 Dionysus
1319 2882 1352 2921 so

179 2967 336 3052 quendam
366 2966 492 3052 Lydum
522 2987 590 3029 osse
621 2967 770 3030 mentitur
795 2966 1058 3048 (Bacchidis.
1106 2964 1146 3029 V.
1168 2965 1280 3051 Haupt
1311 2967 1349 3028 ad

179 3081 252 3138 met.
278 3073 330 3137 ΙΙΙ
356 3075 451 3156 575);
493 3075 592 3157 ipsam
626 3080 730 3135 autom
759 3081 793 3135 ut
824 3074 966 3136 fabulam
999 3073 1126 3136 afferret
1157 3074 1224 3136 sino
1255 3073 1351 3136 dubio

178 3179 362 3265 compendio
387 3187 489 3243 motus
513 3189 568 3242 est.
617 3179 660 3242 Ut
688 3182 770 3242 onim
802 3181 861 3242 hoo
891 3183 1139 3264 praetermittam
1169 3180 1252 3265 apud
1277 3181 1352 3244 Ovi-

180 3288 267 3350 dium
289 3297 323 3350 ut
347 3287 432 3372 apud
447 3285 678 3372 Apollodorum
694 3287 854 3350 Bacchum
878 3309 911 3348 se
934 3288 1064 3350 Naxum
1081 3287 1197 3350 deferri
1214 3289 1351 3350 uoluisse

180 3395 265 3476 (iuret.
291 3395 344 3457 lli
370 3396 450 3476 6363
481 3395 557 3457 bibl.
580 3394 634 3456 ΠΙ
666 3395 732 3476 37),
764 3394 803 3457 de
835 3416 896 3479 quo
928 3395 1011 3480 apud
1043 3394 1228 3479 Euripidem
1260 3393 1351 3477 nihil,

179 3503 252 3564 huic
275 3503 320 3564 rei
344 3504 408 3564 uim
434 3502 579 3582 tribuam,
610 3502 692 3586 quod
719 3503 748 3563 iu
774 3501 962 3564 bibliotheca
991 3504 1163 3586 piratarum
1188 3502 1353 3565 subiuncta

180 3617 226 3671 est
249 3608 383 3672 Penthei
407 3607 581 3690 fabulao.⁷)

286 3716 410 3778 Miraris
443 3715 574 3778 fortasse
604 3716 715 3778 modiis
748 3718 778 3777 iu
807 3715 919 3778 Cadmi
950 3718 1053 3798 gentis
1084 3716 1179 3778 rebus
1203 3715 1352 3778 Ovidium

178 3824 390 3886 narrationem
414 3823 453 3885 do
477 3823 586 3908 piratis
611 3824 762 3904 attulisse,
788 3845 869 3907 quae
894 3824 980 3885 nullo
1006 3823 1097 3885 modo
1123 3822 1163 3884 ad
1185 3821 1352 3885 Thebanus
1379 3865 1384 3878 1

180 3930 304 3991 fabulas
327 3931 492 4012 pertineat.
541 3930 584 3992 At
609 3932 640 3992 iu
664 3929 849 4016 compendio
882 3929 1023 3993 fabulam
1052 3950 1114 3992 non
1145 3930 1274 3992 seorsim
1298 3953 1352 3994 ex·

288 4069 308 4135 ⁷)
329 4071 455 4122 Similiter
474 4071 585 4122 Peutlrei
611 4079 636 4122 et
656 4072 852 4140 'l'yrrlieoorum
878 4071 982 4122 l'abulao
1009 4072 1203 4139 eorriunguotur
1222 4086 1238 4122 a
1256 4072 1353 4124 Nouoo

180 4159 289 4226 Dionys.
304 4161 345 4222 45,
368 4162 416 4210 102
436 4176 469 4212 ss.
508 4159 586 4226 Apud
612 4177 670 4212 oum
698 4163 766 4212 euim
789 4160 905 4212 Tiresias
925 4159 1051 4224 Pentheo,
1076 4162 1120 4226 qui
1145 4160 1219 4210 illum
1243 4167 1269 4211 et
1288 4159 1354 4212 Cad-

179 4264 249 4298 mum
271 4247 365 4299 Libero
389 4263 463 4300 secra
483 4247 614 4300 facientes,
629 4250 783 4316 increpavit,
807 4250 920 4314 exempli
942 4263 1021 4299 eausa
1039 4247 1155 4300 fabulam
1175 4246 1207 4299 de
1227 4250 1320 4313 piratis
1339 4266 1354 4300 a

180 4337 286 4388 Baccho
300 4337 406 4388 mutatis
421 4344 516 4388 narrat.
537 4337 662 4389 Noouum
676 4340 738 4390 item
752 4336 936 4404 compendium
956 4335 1064 4402 aliquod
1077 4335 1236 4400 adhibuisse,
1256 4352 1354 4404 exque

179 4432 297 4513 tenorem
311 4423 459 4477 tabularum
473 4424 658 4480 Thebanorum
672 4427 810 4496 hausisset,
831 4429 862 4479 G.
877 4423 1010 4496 Vollgraff
1025 4426 1117 4480 statuit
1129 4425 1155 4478 io
1170 4422 1354 4479 dissertatione

179 4529 226 4566 sua
245 4531 270 4581 p.
287 4517 328 4567 70.
