3350 5184
753 341 971 402 -56..

274 538 360 603 sibus
384 537 512 602 odorem
536 537 698 602 enchiridii
723 538 927 623 mythologici
943 538 1059 601 sentire
1075 537 1151 600 mihi
1176 537 1295 622 videor,
1320 560 1447 624 exque

273 646 522 710 commodissime
537 652 631 731 poeta
645 645 790 708 laborum
804 643 1035 708 Herculeorum
1051 666 1218 709 numerum
1231 647 1445 732 compleverit.

380 753 444 818 Sed
467 775 506 816 ne
520 751 717 817 desideretur
731 753 829 816 artior
843 753 958 838 aliquis
977 773 1047 816 eum
1062 751 1251 817 bibliotheca
1266 773 1445 838 censensus,

273 861 411 924 illustrat
440 858 573 925 Ovidius
601 858 763 924 horridam
792 866 968 924 venenatae
999 861 1095 925 restis
1130 861 1195 925 vim
1223 859 1273 923 his
1303 861 1446 926 versibus

274 967 349 1049 (161
377 968 449 1050 ss.):

436 1075 616 1159 ,incaluit
640 1076 688 1139 vis
712 1075 767 1136 illa
790 1075 866 1137 mali
891 1073 1093 1159 resolutaque
1116 1076 1249 1138 flammis

435 1183 611 1245 Herculeos
635 1180 714 1245 abiit
737 1184 800 1244 late
824 1180 947 1266 dilapsa
969 1203 1026 1267 per
1049 1183 1164 1245 artus.“

276 1290 337 1352 166
362 1310 401 1352 s:
436 1309 513 1371 ,nee
534 1309 631 1372 mora,
657 1288 814 1352 letiferam
839 1294 997 1352 conatur
1021 1288 1193 1352 scindere
1217 1298 1372 1354 vestem:

434 1417 496 1480 qua
519 1394 663 1480 trahitur,
676 1396 784 1461 ‚trahit
807 1395 864 1459 illa
886 1402 998 1479 eutem,
1024 1396 1216 1481 foedumque
1240 1398 1351 1480 relatu,

433 1511 488 1567 ant
510 1503 620 1567 haeret
641 1503 790 1567 membris
815 1504 934 1566 frustra
955 1509 1108 1589 temptata
1130 1504 1252 1584 revelli,

433 1617 488 1674 aut
510 1612 656 1674 laceros
679 1617 784 1674 artus
808 1617 844 1674 et
867 1609 1027 1696 grandia
1051 1611 1191 1696 detegit
1214 1611 1328 1674 essa.“

381 1718 469 1792 Quae
493 1737 640 1781 nonaum
656 1716 820 1802 Sophocle,
839 1718 893 1801 qui
907 1718 999 1780 aliter
1014 1738 1081 1781 rem
1097 1717 1245 1781 describit
1261 1718 1315 1799 (cf.
1332 1717 1444 1782 Traeh.

274 1825 337 1887 165
362 1846 417 1908 sa,
453 1825 537 1889 1053
562 1825 628 1907 ss),
658 1823 712 1887 sed
743 1845 814 1887 curn
844 1826 881 1886 iis
912 1825 1101 1910 conspirant,
1135 1846 1216 1910 quae
1248 1825 1381 1908 legimus
1413 1827 1447 1888 in

272 1932 463 1996 bibliotheca
477 1932 527 2014 (H
544 1932 639 2013 158):
667 1931 735 2012 „dic
748 1931 783 1994 δὲ
806 1930 1098 2017 θερμανθέντος
1119 1932 1174 1994 τοῦ
1197 1938 1337 2016 χιτῶνος
1357 1932 1449 2018 ὁτῆς

274 2037 376 2126 ὕδρας
397 2039 448 2106 ἑὸς
469 2039 523 2101 τὸν
546 2044 656 2124 χρῶτα
680 2039 787 2125 ἔσηπε,
883 2038 946 2100 τὸν
970 2038 1010 2101 δὲ
1033 2044 1176 2123 χιτῶνα
1200 2039 1349 2102 ἀπέσπα
1372 2061 1447 2124 προ·

273 2145 454 2232 σπεφοκότα
488 2143 536 2231 τῷ
571 2145 713 2232 σώματι·
750 2150 1046 2209 συναπεσπῶντο
1078 2145 1118 2209 δὲ
1152 2144 1212 2209 καὶ
1245 2145 1280 2209 oi
1312 2143 1451 2231 σάρκες

273 2253 418 2316 αὐτοῦ.“

379 2360 522 2424 Eandem
545 2365 710 2445 praeterea
733 2361 887 2444 originem
910 2359 1150 2445 clamant'quae
1168 2361 1316 2445 leguntur
1340 2360 1448 2423 iodea

273 2492 302 2533 v.
319 2468 393 2531 229.
419 2467 608 2530 Narratione
633 2467 716 2529 enim
740 2465 779 2530 de
802 2465 912 2550 Licha,
928 2469 1016 2531 cuius
1028 2465 1297 2552 metamorphosin
1319 2466 1448 2530 aliunde

272 2573 450 2659 addidit,¹³)
476 2574 516 2638 ad
539 2576 634 2637 finem
656 2573 807 2659 perducta
822 2573 954 2637 Ovidius
977 2573 1165 2638 brevissima
1179 2574 1303 2638 dicendi
1326 2574 1448 2637 rationo

272 2701 402 2745 narrare
416 2684 530 2767 pergit,
548 2681 720 2744 Herculem
735 2681 767 2742 in
783 2681 864 2744 Oeta
882 2687 987 2744 monte
1002 2700 1116 2765 regum
1131 2681 1319 2763 ascendisse,
1340 2701 1447 2743 arcum

273 2795 377 2857 autem
402 2789 595 2873 sagittasque
610 2787 805 2852 Philoctetae
831 2787 947 2850 donum
966 2786 1100 2871 dedisse,
1126 2790 1179 2872 qui
1194 2808 1307 2872 rogum
1321 2807 1447 2850 suecen-

273 2894 369 2979 derit3
394 2902 467 2959 met.
489 2895 540 2959 IX
565 2896 629 2959 229
655 2915 710 2958 ss:

598 3008 648 3083 ,at
671 3007 716 3086 tu,
740 3002 830 3067 Jovis
856 3002 963 3065 inolita
985 3002 1099 3087 proles,

379 3108 544 3172 arboribus
567 3109 675 3192 caesis,
701 3131 778 3195 quas
803 3107 903 3172 ardua
926 3115 1068 3194 gesserat
1091 3108 1179 3192 Oete,

379 3217 474 3302 inque
497 3238 610 3302 pyram
634 3217 768 3299 structis,
794 3237 902 3280 arcum
925 3215 1169 3301 pharetramque
1194 3230 1342 3301 capacem

379 3345 540 3408 regnaque
563 3324 685 3388 visuras
709 3324 824 3386 iterum
848 3322 986 3386 Troiana
1010 3321 1139 3406 sagittas

380 3431 463 3494 ferre
488 3427 576 3494 iubes
599 3431 741 3493 Poeante
765 3436 877 3512 satum,
903 3450 964 3514 quo
987 3430 1114 3492 flamma
1137 3430 1280 3493 ministro

1022 3533 1175 3600 subdita.“

273 3647 363 3709 Haec
377 3667 396 3707 a
409 3643 572 3728 tragoedia
595 3646 698 3706 aliena
722 3642 776 3724 (cf.
791 3664 821 3727 p.
840 3643 881 3704 54
896 3643 935 3725 s.)
960 3642 1071 3706 eodem
1093 3643 1187 3706 modo
1200 3646 1342 3707 narravit
1365 3664 1446 3707 com-

272 3751 377 3838 pendii
410 3757 526 3834 auctor,
556 3757 591 3814 ut
619 3748 834 3836 Apollodorus
868 3749 918 3831 (H
951 3750 1012 3813 159
1042 3751 1081 3832 s.)
1116 3750 1274 3813 Diodorus
1303 3749 1366 3831 (IV
1390 3750 1445 3832 38)

273 3860 424 3945 Hyginus
448 3858 558 3941 (136)
583 3860 664 3922 inter
687 3879 720 3920 so
744 3865 952 3942 congruentes
976 3857 1104 3921 docent:

275 4003 321 4053 184
343 4000 383 4067 a).
412 3999 453 4052 De
473 3998 595 4052 Herculis
614 4000 640 4050 in
661 3997 769 4052 deorum
788 3999 879 4051 hortos
897 3997 931 4050 ad
951 3996 1114 4065 Hesperidas
1133 3996 1312 4066 expeditione,
1331 4013 1399 4064 quae
1421 3999 1445 4048 in

273 4087 434 4142 bibliotheca
460 4088 551 4141 ultimo
577 4088 635 4140 loco
660 4088 724 4139 olim
750 4086 886 4156 legebatur
904 4085 951 4154 (oi.
971 4087 1003 4138 E.
1025 4086 1117 4152 Bethe,
1138 4087 1155 4138 l.
1176 4087 1193 4138 l.
1212 4104 1238 4155 p.
1255 4090 1297 4153 43,
1317 4102 1377 4138 ann.
1392 4085 1445 4155 55),

273 4177 388 4231 diversas
407 4176 509 4230 fabulas
529 4176 638 4230 Ovidius
656 4176 734 4230 affert
752 4195 774 4228 v.
791 4180 842 4230 190
861 4182 888 4229 et
908 4179 971 4243 1983
992 4174 1024 4228 cl.
1039 4175 1109 4243 Apd.
1122 4177 1148 4228 II
1170 4180 1228 4241 113,
1251 4179 1301 4229 120
1314 4192 1334 4228 a.

381 4266 413 4335 ¹³)
432 4267 531 4320 Lichae
551 4265 667 4319 fabulam
686 4281 703 4318 a
720 4265 921 4334 mythographis
945 4271 1174 4318 commemoratam
1195 4267 1283 4318 nescio
1303 4282 1354 4333 quo
1374 4264 1446 4317 fonte

272 4372 335 4410 usus
353 4357 427 4410 auxit
446 4355 556 4408 Ovidius
574 4353 803 4422 transfiguratione
819 4353 918 4407 addita.
938 4356 1061 4408 Ceterum
1080 4353 1112 4406 cf.
1126 4356 1292 4406 Lactantium
1311 4370 1379 4406 narr.
1393 4353 1444 4406 fab.

273 4447 312 4506 IX
325 4450 350 4516 3,
370 4447 466 4502 similia
485 4443 600 4516 quidem,
620 4443 668 4499 sed
686 4459 738 4499 eon
758 4443 850 4498 cadem
869 4443 1028 4499 referentem
1046 4443 1078 4497 de
1097 4443 1181 4499 Licha
1200 4450 1309 4498 mutato.
