3350 5184
811 407 1029 473 ..3θρ

334 603 506 670 Pandionis
529 606 637 670 mortis
660 609 851 672 mentionem
876 608 1096 690 1111111τ(675
1117 610 1165 692 a),
1190 608 1401 674 Erechtheum
1416 610 1504 695 regni

333 711 483 776 heredem
515 714 613 778 fuisse
648 713 722 779 dicit
753 715 856 797 (677).
904 714 1196 779 Commemorantur
1229 717 1296 780 eius
1329 717 1431 799 liberi,
1465 739 1506 781 ex

334 816 448 904 quibus
462 821 644 885 Procridem
667 821 805 908 quidem,
829 821 961 907 Cephali
986 844 1126 905 uxorem,
1154 824 1263 887 leviter
1286 825 1388 908 tangit
1401 824 1504 906 (682),

333 925 510 1012 Orithyiam
539 935 644 992 autern
667 950 686 991 a
710 929 813 992 Borea
841 939 964 1015 raptam
994 927 1122 993 uberius
1156 930 1503 1012 111111τ(682-721).

438 1032 538 1098 Vides
561 1035 609 1097 his
634 1037 666 1098 in
689 1036 783 1099 robus
816 1038 917 1099 inesse
948 1044 1066 1100 certum
1090 1057 1197 1099 rerum
1224 1037 1366 1100 ordinem
1390 1059 1504 1122 genea-

333 1141 498 1226 logiaoque
522 1162 708 1206 connexum.
756 1145 867 1217 Oualis
891 1145 987 1226 igitur
1011 1143 1081 1206 sons
1105 1142 1176 1225 fuit,
1201 1144 1251 1207 eui
1274 1144 1406 1208 Ovidius
1429 1144 1505 1207 talia

332 1246 448 1310 debet?
494 1248 596 1312 Hisne
620 1251 713 1313 etiam
738 1251 770 1314 in
794 1248 936 1314 versibus
960 1249 1123 1335 Sophoclis
1148 1251 1343 1335 tragoediam
1366 1251 1425 1315 sibi
1450 1251 1503 1314 ad-

331 1355 431 1438 scivit,
461 1376 502 1418 an
531 1357 635 1442 potius
665 1357 753 1421 fonte
782 1377 857 1420 usus
889 1364 944 1439 ost,
975 1359 1027 1442 qui
1052 1357 1229 1420 Atticarum
1257 1359 1375 1421 seriem·
1398 1379 1503 1421 rerum

331 1459 441 1524 ordine
465 1464 667 1548 genealogice
691 1465 886 1550 explicavit?

437 1569 543 1654 Atque
571 1591 605 1632 rc
631 1591 715 1655 vera,
740 1592 821 1656 quae
852 1573 883 1633 in
911 1570 1100 1634 bibliotheca
1124 1570 1179 1634 ΙΙΙ
1206 1572 1378 1634 193-199
1403 1572 1503 1655 expli-

331 1681 451 1758 cantur,
475 1676 513 1739 iis
529 1676 729 1762 respondent,
754 1697 836 1761 quae
851 1677 985 1742 Ovidius
1000 1678 1047 1740 l'l
1066 1678 1241 1742 412-712
1258 1679 1373 1764 partim
1393 1677 1503 1742 leviter

331 1789 422 1866 tacta⁷
451 1785 566 1866 partim
595 1785 680 1848 11111
710 1792 861 1848 exornata
890 1784 1021 1869 profert.
1068 1784 1195 1848 Etenim
1226 1785 1336 1848 codem
1364 1785 1455 1848 modo
1484 1807 1503 1847 a

330 1889 561 1975 mythographo
585 1892 689 1954 statim
713 1898 783 1976 post
797 1892 890 1955 Terei
915 1891 1057 1955 fabulam
1075 1891 1246 1956 Pandionis
1260 1913 1343 1955 mors
1368 1898 1501 1974 notatur,

329 1998 389 2059 nisi
420 1996 505 2082 quod
535 1998 668 2061 Ovidius
699 2007 770 2084 apte
801 2000 904 2081 finxit,
934 1999 1131 2062 Pandionem
1161 1998 1201 2062 cb
1231 2000 1367 2062 filiarum
1397 2019 1502 2061 casum

330 2124 472 2168 macrore
496 2105 672 2168 confectum
696 2127 777 2188 ossc;
807 2113 838 2169 et
867 2108 945 2169 siout
968 2106 1101 2170 Ovidius
1125 2106 1335 2169 Erechtheum
1363 2109 1503 2191 „sceptra

330 2212 407 2274 loci“
438 2212 531 2294 (677)
559 2213 677 2297 cepisse
705 2219 937 2295 commemorat,
967 2215 1009 2275 ita
1039 2213 1191 2294 similiter,
1224 2213 1278 2275 sod
1303 2213 1500 2298 explicatius,

328 2318 541 2403 Apollodorus
570 2319 644 2383 dicit
672 2319 752 2382 filios
780 2321 878 2404 patris
906 2327 1090 2405 potestatem
1121 2322 1202 2382 inter
1226 2341 1258 2381 se
1282 2319 1436 2401 divisisse,
1461 2341 1502 2381 ex

329 2425 442 2509 quibus
466 2426 660 2489 Erechtheus
684 2429 767 2512 regis
791 2427 917 2490 titulum
941 2429 1117 2512 sumpserit.
1143 2427 1254 2490 Statim
1279 2434 1502 2490 enumerantur

331 2531 420 2595 liberi
444 2535 520 2616 eius,
546 2555 624 2618 quos
648 2555 665 2596 e
689 2532 862 2596 Praxithea
889 2533 1009 2614 habuit,
1034 2535 1170 2619 Cecrops
1193 2532 1359 2597 Pandarus
1383 2533 1502 2597 Mation

328 2639 394 2723 filii,
426 2640 510 2704 filiae
539 2641 665 2704 Procris
696 2641 814 2704 Creusa
845 2640 1001 2704 Chthonia
1032 2639 1177 2724 Orithyia
1210 2639 1300 2720 (bibl.
1325 2639 1380 2703 ΙΙΙΙ
1414 2641 1501 2723 196).

329 2744 478 2810 Pluribus
494 2746 609 2810 deinde
623 2753 774 2811 tractatur
788 2746 946 2810 Procridis
963 2757 993 2809 et
1010 2747 1140 2832 Cephali
1165 2747 1242 2828 (197
1262 2749 1311 2831 s),
1336 2747 1500 2832 Orithyiae

329 2853 438 2917 fabula
460 2854 563 2935 (199).
612 2853 705 2917 Hanc
728 2854 861 2919 Ovidius
884 2853 934 2917 VI
959 2855 1131 2917 682-721
1158 2855 1202 2917 ita
1230 2860 1347 2938 narrat,
1373 2860 1406 2917 ut
1429 2874 1500 2918 enm

327 2958 578 3047 mythographioi
595 2961 690 3024 fontis
706 2960 803 3026 verba
818 2981 988 3024 exornasse
1003 2960 1204 3024 manifestum
1219 2961 1267 3022 sit.
1293 2961 1365 3024 'Hoc
1378 2966 1500 3024 tanturn

327 3067 500 3131 notandum
531 3073 587 3148 cst,
618 3071 718 3132 inesse
751 3069 957 3132 imitationem
980 3068 1141 3153 Apollonii
1170 3067 1286 3130 Rhodii
1319 3070 1350 3130 in
1380 3091 1410 3132 1.
1438 3068 1498 3131 706

329 3174 498 3258 („caligine
531 3175 646 3238 tedtns“
680 3204 723 3228 Ξ
750 3176 828 3259 Arg.
854 3175 871 3238 I
903 3178 981 3238 218:
1017 3173 1107 3259 „aspi
1140 3174 1284 3259 repascat
1317 3172 1496 3257 aalddac;“

296 3309 298 3312 ·
327 3283 491 3367 utriusque
514 3281 591 3345 haec
615 3281 712 3346 rerba
736 3283 768 3344 in
791 3283 853 3344 fine
877 3302 986 3346 versus
1010 3281 1182 3365 leguntur).

434 3389 540 3452 Pauca
563 3389 709 3452 addenda
733 3396 804 3453 sunt
828 3388 868 3452 de
891 3388 1070 3452 Procride
1095 3396 1130 3451 ot
1153 3388 1329 3474 Cephalo.
1355 3389 1498 3462 Quorum

328 3494 469 3559 fabulam
492 3496 624 3561 Ovidius
647 3495 698 3559 hic
721 3517 784 3559 non
807 3503 919 3560 tractat
940 3494 1079 3580 quidem,
1105 3495 1160 3559 sed
1183 3519 1213 3561 11.
1230 3497 1290 3560 681
1318 3497 1362 3560 ita
1386 3498 1494 3582 tangit,

326 3614 362 3664 ut
377 3603 410 3666 in
425 3603 511 3667 fonte
535 3624 590 3666 suo
615 3601 724 3666 eodem
750 3604 815 3666 looo
840 3623 902 3688 quo
926 3602 965 3665 ab
981 3601 1177 3686 Apollodoro
1193 3603 1325 3666 affertur
1341 3604 1498 3666 exstitisse

326 3709 575 3775 concludendum
600 3711 648 3774 sit.
694 3709 791 3774 Redit
819 3717 923 3774 autem
951 3710 992 3773 ad
1021 3709 1162 3773 fabulam
1185 3710 1346 3774 occasione
1370 3709 1444 3774 data
1467 3712 1499 3772 in

327 3819 345 3880 l.
362 3816 430 3881 VII
454 3818 581 3882 demum
605 3817 680 3899 (661
707 3818 771 3901 ss),
796 3817 850 3881 ubi
866 3838 885 3880 a
901 3817 1041 3902 Cephalo
1066 3817 1133 3902 ipso
1157 3818 1212 3880 illa
1236 3819 1316 3880 inter
1338 3838 1497 3881 sermones

325 3931 480 3989 narratur.
527 3926 742 3990 Artificiosum
772 3925 868 4009 igitur
898 3945 1026 3988 suorum
1054 3945 1093 3987 ne
1118 3930 1191 3988 tunc
1214 3924 1342 4010 quidem
1365 3924 1496 3989 Ovidius

325 4031 441 4095 oblitus
465 4038 522 4115 est,
546 4053 640 4118 quem
663 4031 774 4095 eadem
797 4030 942 4094 libertate
966 4030 1022 4095 ΠΙ
1038 4031 1101 4094 313
1118 4052 1142 4095 s.
1158 4030 1235 4094 Inus
1250 4040 1281 4094 ct
1296 4031 1496 4095 Athamantis

325 4136 467 4202 fabulam
489 4139 557 4202 loco
580 4139 716 4204 movisse
740 4139 889 4204 vidimus.

430 4244 625 4310 Affinitatem
639 4245 788 4311 Ovidium
812 4249 893 4310 inter
909 4254 940 4310 et
958 4244 1181 4310 bibliothecam
1195 4246 1389 4312 illustremus
1404 4254 1497 4309 stern-

323 4359 407 4418 mate
431 4353 587 4438 adscripto
601 4353 774 4417 Pandionis
797 4355 959 4439 progeniei
984 4354 1110 4437 qualern
1126 4351 1341 4442 Apollodorus
1355 4352 1496 4439 praebet,

325 4463 414 4526 lineis
438 4482 475 4526 ea
500 4464 625 4525 nomina
648 4468 802 4546 notantes,
828 4480 909 4548 quae
933 4462 1028 4523 etiam
1051 4459 1183 4524 Ovidius
1207 4462 1321 4527 refert:
