3350 5184
805 403 1025 467 ,3ρέ

329 601 361 662 in
379 600 445 685 ipsa
461 599 702 686 metamorphosi
724 599 925 684 depingenda
940 603 1091 664 collocata
1107 607 1170 683 est3
1196 600 1271 685 quin
1287 624 1362 665 vcro
1377 599 1502 686 singula

328 728 496 792 rerumque
522 709 715 774 inventiones
740 707 799 792 ipsi
823 707 937 771 ovidio
961 707 1145 789 debeantur,
1170 707 1254 770 haud
1279 708 1398 772 dubito.

435 813 529 876 Hanc
556 815 639 877 enim
667 835 743 895 rem,
776 813 859 898 quod
888 813 1026 876 Cadmus
1055 821 1086 876 ct
1108 812 1287 877 Harmonia
1314 816 1424 894 ,malis
1448 836 1501 877 an-

328 923 439 1005 nisque
455 921 601 1004 gravcs“,
626 920 699 983 dum
722 920 780 982 sihi
802 927 930 983 narrant
948 921 1117 984 liberorum
1136 943 1226 984 casus
1243 942 1377 1004 suasque
1392 931 1502 1002 sortes,

329 1030 360 1089 in
374 1027 483 1090 beluas
507 1027 720 1090 transformati
742 1037 823 1106 sunt,
849 1027 889 1090 ad
904 1027 1060 1090 diversam
1077 1026 1218 1100 fabulam
1235 1028 1501 1091 accommodatam

327 1134 474 1218 repetivit
499 1136 530 1195 in
553 1136 732 1196 narratione
757 1133 795 1195 de
811 1133 997 1196 Philemone
1021 1141 1053 1196 et
1067 1133 1207 1196 Baucide
1232 1133 1331 1212 (VIII
1350 1136 1413 1197 712
1429 1136 1499 1217 ss.):

726 1241 833 1320 ,annis
858 1261 999 1325 aevoque
1024 1240 1115 1302 soluti

488 1359 560 1410 autc
584 1347 700 1431 gradus
724 1368 828 1409 saeros
852 1368 922 1409 com
946 1354 1063 1410 starent
1087 1345 1169 1410 forte
1195 1349 1315 1433 locique

488 1462 652 1518 narrarent
674 1475 774 1536 casus,
801 1454 948 1516 frondere
973 1453 1160 1518 Philemona
1184 1455 1309 1536 Baucis,

487 1561 629 1624 Baucida
651 1563 816 1646 isanspero
840 1563 944 1623 senior
968 1560 1116 1625 frondere
1140 1561 1336 1624 Philemon.“

435 1668 586 1731 Similiter
615 1675 720 1730 autem
752 1678 847 1752 atquc
875 1670 907 1728 in
935 1669 1114 1742 narratione
1144 1668 1182 1730 de
1211 1669 1330 1731 Cadmo
1359 1681 1389 1731 et
1417 1667 1501 1734 Har-

326 1779 430 1839 monia
455 1775 531 1855 (576
548 1776 601 1856 ss.)
626 1795 832 1859 personarum
850 1775 1000 1854 membra,
1025 1795 1104 1859 quae
1123 1775 1248 1858 singula
1264 1788 1499 1859 enumerantur,

326 1885 358 1945 in
382 1884 517 1945 alienam
540 1881 674 1966 liguram
698 1884 858 1944 transiisse
882 1882 914 1943 in
938 1881 1089 1965 llaphues
1113 1881 1143 1963 (l
1169 1883 1233 1944 548
1253 1884 1319 1965 ss),
1349 1884 1500 1946 Callistus

328 1989 376 2069 (ΙΙ
402 1991 464 2052 477
482 1990 547 2071 ss),
572 1987 732 2074 Ocyrhoiis
755 1989 803 2068 (H
829 1988 893 2051 670
910 1989 975 2070 ss),
1001 1988 1239 2072 Tyrrhenorum
1262 1988 1330 2069 (ΙΙΙ
1355 1992 1419 2054 670
1436 1991 1501 2072 ss),

327 2096 490 2158 Pieridum
515 2095 559 2175 (V
577 2097 640 2159 670
656 2097 720 2176 ss),
746 2095 1137 2180 D1²yopaellX349ss.),
1165 2095 1175 2155 l
1196 2096 1324 2158 iomcdis
1349 2100 1502 2160 sociorum

328 2202 424 2284 (XIV
440 2204 518 2285 497)
543 2203 676 2286 aliisque
701 2202 818 2264 fabulis
843 2202 986 2286 legimus.

438 2310 540 2372 lluius
572 2319 735 2394 praetcrea
760 2310 814 2390 rei,
847 2308 930 2393 quod
959 2317 1098 2372 mutatae
1126 2330 1289 2393 personae,
1320 2331 1391 2373 cum
1417 2311 1499 2395 loqui

327 2417 531 2497 conabantur,
547 2417 711 2479 beluarum
728 2437 813 2478 more
831 2436 940 2479 vocem
952 2417 1132 2497 emiserunt,
1147 2437 1243 2501 supra
1262 2417 1306 2501 (p.
1321 2418 1376 2498 31)
1396 2439 1501 2480 exem·

326 2525 380 2608 pla
404 2525 556 2586 nonnulla
580 2524 708 2586 contuli.

433 2631 623 2716 Priusquam
653 2630 789 2714 denique
813 2638 895 2692 totus
924 2652 1092 2693 conversus
1117 2638 1164 2692 ost
1188 2631 1335 2712 Cadmus,
1366 2631 1500 2695 lacrimis

327 2738 444 2800 obortis
468 2758 630 2821 supremos
655 2738 837 2821 complexus
861 2759 879 2799 a
903 2739 1035 2821 coniuge
1059 2739 1158 2822 poscit
1174 2737 1276 2819 (581).
1302 2737 1394 2810 Quod
1418 2739 1501 2801 simi·

329 2847 398 2907 liter
422 2846 501 2928 legis
526 2845 557 2906 in
581 2843 776 2907 Philemonis
800 2851 831 2906 ct
854 2843 1003 2906 Baucidis
1029 2844 1128 2924 (Vlll
1149 2846 1212 2907 716
1229 2846 1283 2925 ss.)
1309 2853 1339 2906 et
1363 2846 1395 2907 in
1419 2845 1501 2930 Dry-

326 2972 404 3037 opac
430 2951 494 3031 (IX
519 2952 583 3012 365
599 2951 653 3032 ss.)
679 2951 805 3014 fabulis.

436 3058 599 3120 inchoavit
634 3056 765 3121 (lvidius
799 3058 890 3120 Inus
924 3068 954 3121 et
986 3057 1228 3122 Athamantis
1263 3059 1406 3122 fabulam
1438 3057 1500 3139 (IV

327 3165 526 3246 tro—562),
551 3174 586 3227 ut
603 3186 722 3227 summo
746 3167 887 3227 colorum
902 3172 1014 3229 ornatu
1030 3175 1181 3248 narraret,
1207 3165 1366 3230 lunonem
1388 3167 1500 3229 hibero

327 3275 456 3357 eiusque
480 3272 631 3335 altoribus
655 3273 766 3334 iratam
791 3272 869 3335 Inus
886 3286 916 3333 et
934 3273 1134 3335 Athamantis
1157 3271 1311 3358 perdendi
1335 3275 1499 3336 consilium

326 3379 444 3462 cepisse
483 3378 685 3460 (tao-431)
733 3379 866 3461 iileoque
911 3382 942 3441 iu
980 3380 1148 3442 Tartarum
1192 3380 1389 3444 descendisse
1434 3380 1499 3464 (qui

328 3485 515 3549 describitur
562 3487 751 3568 432-463)
790 3496 821 3548 ct
854 3486 1058 3571 Tisiphouam
1096 3489 1128 3549 in
1168 3488 1316 3572 coniuges
1357 3488 1501 3550 incitasse

327 3593 540 3675 (toa-511).
566 3593 655 3666 Quae
680 3595 710 3656 in
735 3596 918 3657 universum
942 3594 982 3656 ad
1009 3595 1142 3678 Vergilii
1172 3596 1353 3679 exemplum
1377 3594 1500 3658 confor-

329 3707 414 3764 mata
438 3722 506 3762 esse
531 3700 624 3763 facilc
649 3700 855 3764 demonstrari
880 3708 1000 3786 potest,
1025 3723 1095 3763 nam
1120 3701 1201 3764 Aen.
1218 3700 1288 3764 VII
1313 3702 1376 3764 286
1393 3722 1432 3763 ss.
1459 3702 1500 3764 le·

327 3808 445 3891 gimus,
482 3807 639 3870 Junoucm
675 3808 804 3870 Aeneae
839 3809 952 3870 iratam
992 3808 1119 3870 Furiam
1154 3809 1277 3870 Allecto
1314 3830 1355 3871 cx
1391 3808 1500 3870 inferis

327 3917 501 3996 accessisse,
515 3936 595 3999 quac
603 3916 751 3977 Arnatam
763 3915 905 3999 reginam
916 3915 1123 3999 Turnumque
1135 3917 1166 3977 in
1174 3916 1315 3978 Aeneam
1327 3917 1499 4000 instigaret.

326 4024 400 4106 lpse
425 4024 510 4105 legas
526 4023 659 4085 lunonis
675 4024 707 4084 iu
721 4022 865 4084 Aeneam
879 4020 1114 4106 obiurgationes
1132 4021 1243 4105 (l'erg.
1261 4023 1329 4085 Vll
1354 4024 1417 4085 293
1435 4023 1499 4104 ss),

327 4130 474 4214 quasilla
492 4128 577 4213 apud
593 4128 743 4192 Ovidium
761 4132 792 4191 in
811 4128 967 4192 Bacchum
983 4128 1142 4191 transfert.
1169 4130 1247 4209 (420
1264 4130 1328 4210 ss).
1363 4130 1404 4192 Ut
1418 4130 1501 4192 enim

328 4237 390 4298 illie
414 4236 530 4299 Junoni
556 4238 721 4299 molestum
746 4243 801 4317 cst,
827 4236 911 4320 quod
935 4236 1060 4298 Aeneas
1085 4257 1156 4298 eum
1179 4238 1243 4298 suis
1268 4248 1311 4299 tot
1335 4258 1376 4299 cx
1399 4236 1500 4318 hellis,

326 4365 368 4405 ex
400 4344 495 4407 Troia
519 4347 654 4426 incensa,
689 4366 729 4405 cx
761 4345 857 4405 maris
881 4343 1027 4427 periculis
1052 4322 1323 4427 integerelapsus
1347 4341 1501 4406 adseclas

327 4451 462 4534 tandem,
492 4471 574 4535 quae
607 4452 633 4512 ci
667 4451 841 4534 promissae
874 4457 972 4525 erant,
1007 4451 1160 4535 pervenit,
1201 4452 1244 4513 sic
1273 4451 1303 4512 iu
1332 4450 1501 4513 Metamor-
