3350 5184
803 443 844 450 ...
891 407 932 467 22

326 602 449 682 stitisse,
474 601 527 664 sed
552 621 623 664 cum
648 603 801 666 similibus
833 603 1030 666 coniunctam
1063 603 1159 668 fuisse
1182 604 1374 671 bibliotheca
1398 607 1497 692 docet,

325 709 358 770 in
387 727 451 792 qua
481 730 586 771 rerum
616 716 779 774 contextus
813 710 864 773 hic
895 715 955 774 est:
991 711 1008 794 ἓ
1034 713 1075 774 33
1109 712 1248 776 breviter
1280 714 1498 778 deseribuntur

325 815 440 879 Bacchi
465 817 577 878 itinera
601 815 633 879 in
656 815 804 902 Aegypto
829 817 923 903 Syria
945 817 1088 904 Phrygia
1113 820 1204 884 facta.
1234 820 1358 884 Deinde
1384 823 1498 907 legitur

324 921 484 986 Bacchum
513 944 571 1007 per
594 922 760 986 Thraciam
790 924 976 1010 profectum,
1008 925 1062 988 ubi
1093 925 1277 1012 'Lycurgum
1307 929 1442 1013 primum
1467 931 1498 992 in

325 1049 358 1092 se
372 1030 503 1114 impium
520 1030 591 1111 (34:
613 1031 798 1116 Λυκοῦργος
808 1031 863 1094 δὲ.
880 1081 886 1094 .
903 1081 910 1094 .
925 1039 1053 1117 πρῶτος
1067 1031 1205 1118 ὑβρὲσαις
1224 1034 1371 1117 ἐξέβαλεν
1388 1035 1497 1115 αὑτὸν)

323 1137 483 1222 puniverit
500 1138 556 1219 (34
569 1138 619 1220 s),
644 1137 769 1201 Thebas
784 1139 909 1202 vonisse
933 1139 1039 1226 ibique
1054 1140 1232 1204 Pentheum
1248 1147 1495 1227 contemptorem

324 1246 492 1328 castigasse
524 1246 603 1327 (36).
667 1245 747 1309 Inde
782 1246 889 1331 Argos
924 1247 984 1310 iter
1021 1249 1226 1331 convertisse,
1262 1247 1317 1311 ubi
1353 1249 1497 1333 feminas,

324 1373 394 1414 cum
433 1351 492 1415 sibi
525 1354 626 1415 cultus
661 1375 724 1416 non
756 1353 893 1417 tributus
924 1357 977 1436 sit,
1010 1376 1143 1418 vesanas
1179 1356 1360 1420 reddiderit.
1416 1357 1498 1420 Tum

323 1466 429 1522 autem
464 1481 482 1522 a
517 1462 626 1544 piratis
661 1463 830 1546 impietatis
868 1483 1002 1546 poenam
1037 1463 1206 1547 sumpsisse
1242 1463 1322 1546 (37).
1376 1463 1497 1537 Quibus

323 1566 420 1651 igitur
444 1566 543 1650 factis,
569 1589 639 1630 cunr
661 1568 803 1631 homiues
827 1570 1043 1633 intellexerint
1065 1591 1177 1634 revera
1198 1571 1287 1633 illum
1307 1593 1374 1634 esse
1394 1570 1496 1653 deum,

323 1694 393 1736 cum
422 1681 522 1738 matre
553 1696 594 1738 ex
622 1675 732 1737 inferis
760 1678 909 1738 arcessita
941 1675 1071 1739 deorum
1104 1677 1240 1760 denique
1269 1678 1427 1742 domicilia
1451 1679 1496 1741 in-

322 1786 422 1844 trasse
448 1781 527 1864 (38).

429 1888 590 1952 Tractavit
604 1891 701 1973 igitur
716 1888 892 1974 compendii
916 1896 1023 1953 auctor
1040 1888 1243 1976 ὑβρίσαντας,
1259 1898 1293 1955 ut
1307 1892 1381 1954 dicit
1396 1890 1496 1976 Apol·

323 1994 451 2059 lodorus
471 1994 488 2076 ξ
507 1997 558 2077 34,
584 2016 660 2080 erga
682 1994 852 2078 Bacchum,
878 2017 971 2082 quem
995 2004 1101 2060 tamen
1124 1997 1164 2061 ad
1189 2005 1365 2061 extremum
1389 2020 1496 2062 ornnes

322 2105 531 2187 agnovissent.
580 2102 676 2166 Hunc
703 2125 809 2167 rerum
838 2110 1021 2167 contextum
1044 2103 1178 2168 Ovidius
1207 2105 1399 2187 obscuravit,
1427 2128 1496 2170 cum

322 2208 361 2272 de
384 2209 501 2273 Bacchi
525 2209 683 2274 erroribus
707 2217 738 2273 et
762 2210 800 2274 de
814 2210 963 2296 Lycurgo
987 2218 1119 2295 taceret,
1145 2212 1257 2297 selegit
1279 2234 1399 2276 memor
1423 2235 1493 2299 pro-

321 2318 414 2402 positi
427 2316 604 2381 Penthcum
619 2325 740 2381 tantum
757 2325 788 2381 et
806 2317 998 2403 Tyrrhenos,
1014 2318 1128 2402 quibua
1146 2323 1333 2405 aggregavit
1349 2342 1391 2383 ex
1408 2321 1494 2384 fonte

320 2424 444 2489 diverso
469 2424 669 2511 depromptas
693 2424 870 2510 Minyades,
895 2446 975 2509 quae
1000 2425 1135 2489 lanificio
1160 2428 1381 2512 intempestivo
1398 2427 1494 2491 deum

320 2533 487 2596 laeserunt.
546 2533 716 2596 Praeterea
753 2537 858 2596 autem
896 2536 1028 2619 reperiri
1066 2555 1156 2620 posse
1191 2535 1341 2619 vestigia,
1380 2536 1494 2619 quibus

321 2647 475 2724 appareat
498 2639 612 2704 Ovidio
637 2639 769 2702 eandem
800 2661 906 2703 rerum
940 2644 1052 2704 seriem
1083 2641 1240 2726 cognitam
1263 2641 1372 2725 fuisse,
1402 2641 1496 2705 valde

321 2745 454 2810 confido.

429 2853 562 2917 Penthei
596 2856 679 2917 enim
717 2852 826 2918 fabula
860 2854 1016 2919 Ovidiana
1051 2857 1237 2919 terminatur
1269 2855 1413 2919 versibus
1448 2857 1496 2919 his

324 2959 392 3042 (ΙΙΙ
417 2962 480 3024 732
495 2962 547 3043 s.):

436 3068 569 3150 „talibus
593 3071 748 3154 exemplis
772 3070 909 3132 monitae
933 3090 1015 3134 nova
1039 3092 1127 3134 sacra
1151 3071 1354 3156 frequentant

428 3183 562 3261 turaque
586 3175 661 3240 dant
685 3183 871 3263 sanctasque
895 3179 1000 3242 colunt
1023 3177 1199 3241 Ismenides
1223 3176 1324 3240 aras.“

428 3282 644 3345 Offensionem
676 3283 830 3368 praebent
859 3284 937 3347 haec
966 3285 1073 3366 verba,
1105 3286 1130 3347 si
1161 3306 1281 3348 memor
1312 3305 1345 3347 es
1376 3305 1495 3367 eorum,
1522 3349 1529 3353 ,

319 3411 402 3476 quae
426 3391 459 3452 in
488 3391 576 3453 initio
604 3392 791 3453 narrationis
816 3392 981 3476 leguntur:
1019 3393 1134 3455 etenim
1164 3398 1247 3455 totae
1272 3390 1411 3475 Thebae,
1435 3391 1496 3456 viri

318 3504 349 3560 et
379 3495 543 3580 mulieres,
579 3498 708 3560 invenes
743 3505 774 3561 et
809 3520 913 3580 senes,
948 3519 1092 3584 proceres
1128 3506 1159 3562 et
1192 3500 1308 3584 vulgus
1342 3498 1495 3562 Liberum

317 3603 539 3668 advenientem
574 3605 681 3667 sectati
722 3611 811 3667 erant
845 3605 923 3687 (528
948 3606 1013 3688 ss).
1059 3604 1105 3669 At
1135 3609 1201 3670 sine
1226 3606 1321 3670 dubio
1350 3604 1493 3689 Ovidius,

317 3719 352 3776 ut
385 3714 526 3776 convicia
553 3711 688 3774 Penthei
719 3713 894 3776 cumularet
924 3722 954 3776 et
985 3721 1168 3796 exornaret,
1199 3716 1266 3799 ipse
1296 3713 1374 3776 haec
1404 3733 1495 3776 exco-

288 3881 292 3892 ,
321 3819 442 3904 gitavit.
490 3817 575 3882 Nam
602 3820 800 3882 consentiunt
829 3820 1000 3906 Euripides
1025 3822 1152 3903 (Bacch.
1175 3823 1216 3884 32
1233 3821 1287 3903 ss.)
1312 3828 1343 3884 et
1365 3819 1497 3906 Apollo-

319 3926 413 3989 dorus
451 3925 520 4006 (ΙΙΙ
560 3926 615 4007 36)
673 3924 832 3989 Bacchum
871 3928 1093 3991 Thebanorum
1134 3928 1283 3990 mulieres
1322 3929 1495 4012 coegisse

316 4032 462 4097 bacchari
494 4033 527 4095 in
560 4031 760 4118 Cithaerone,
796 4041 891 4119 atque
923 4034 1039 4098 diserte
1071 4034 1145 4098 dicit
1176 4037 1242 4119 ipse
1272 4034 1433 4120 Dionysus
1463 4036 1496 4097 in

318 4136 501 4225 tragoediae
524 4140 666 4226 prologo,
691 4141 809 4205 hocca
834 4141 873 4204 de
896 4164 931 4205 ro
955 4140 1073 4205 factum
1097 4162 1175 4224 esse,
1201 4141 1285 4225 quod
1308 4147 1496 4204 materterae

317 4248 486 4312 ementitae
511 4254 625 4332 essent,
651 4269 724 4312 eum
746 4269 810 4312 non
833 4247 934 4332 Jovis,
960 4248 1015 4312 sed
1038 4249 1179 4312 mortalis
1210 4248 1373 4312 cuiusdam
1395 4248 1496 4310 filium

315 4375 383 4418 esse
408 4353 537 4437 (Bacch.
559 4357 600 4418 26
620 4377 675 4440 ss.;
701 4355 741 4420 cf.
762 4355 847 4441 Apd.
870 4355 925 4420 ΙΙΙ
949 4357 1021 4440 27),
1054 4355 1204 4440 additque
1228 4355 1354 4419 Thebas
1385 4354 1495 4418 urbem

313 4462 399 4529 haud
434 4463 563 4552 impune
599 4463 772 4545 abituram,
811 4463 896 4552 quod
930 4484 963 4526 se
999 4465 1026 4527 ei
1058 4485 1121 4528 non
1163 4462 1329 4529 addixerat
1364 4463 1419 4547 (39
1444 4464 1493 4545 s).
