3350 5184
676 421 897 482 ,43-

192 639 262 682 non
286 620 424 683 omnium
450 618 629 685 fabularum
653 615 874 704 compendium
888 638 1074 703 componere
1089 614 1147 680 sibi
1163 613 1371 703 proposuerit,

193 725 229 788 id
263 725 465 791 tribuendum
498 737 555 809 est,
589 725 673 811 quod
704 726 867 812 praeteriit
898 724 1043 810 Aegeum
1075 724 1190 787 Medea
1221 722 1372 787 suadente

193 832 357 897 Theseum
386 840 495 898 contra
523 832 638 898 bovem
661 831 894 896 Marathonium
924 831 1075 913 emisisse,
1108 831 1163 894 sed
1193 832 1286 895 huius
1316 854 1372 894 ex-

192 940 367 1024 peditionis
402 942 465 1004 433
495 963 518 1006 s.
554 939 682 1004 demum
716 940 798 1003 inter
832 940 946 1002 Thesei
982 961 1032 1002 res
1068 938 1235 1002 Isthmicos
1271 938 1372 1002 obiter

193 1049 389 1112 montionem
413 1048 496 1112 facit.

304 1153 411 1239 Atque
449 1156 510 1217 iam
548 1157 686 1240 repperit
723 1153 856 1219 Ovidius
891 1154 1085 1217 occasionem
1119 1172 1224 1216 rerum
1258 1151 1371 1215 Thesei

195 1268 368 1345 gestarum,
394 1283 471 1346 quas
496 1285 600 1347 supra,
626 1284 696 1325 eum
717 1261 874 1324 Theseum
899 1260 1033 1343 induxit,
1057 1261 1215 1342 omiserat,
1239 1260 1372 1322 afferen-

197 1366 320 1439 dorum.
346 1368 465 1454 chide
491 1370 585 1455 igitur
602 1369 722 1433 invenit
735 1367 881 1452 Aegeum
896 1369 1013 1431 iactum
1037 1369 1216 1431 convivium
1233 1387 1371 1452 parasse,

198 1477 231 1537 in
254 1496 315 1560 quo
330 1475 443 1539 Thesei
469 1477 536 1539 laus
560 1483 591 1538 et
607 1477 705 1541 virtus
729 1477 867 1538 carmine
891 1474 1048 1538 celebrata
1072 1473 1370 1555 1111114251.)

199 1581 268 1654 Quo
297 1585 443 1665 carmine,
473 1596 597 1668 praeter
628 1581 862 1666 expeditionem
885 1583 973 1644 iilam
995 1581 1236 1663 Marathoniam,
1262 1580 1372 1643 eadem

198 1698 480 1752 commemorantur
515 1699 609 1774 atque
646 1690 678 1751 in
711 1687 903 1751 bibliotheca
934 1688 1004 1768 (ΙΙΙ
1040 1688 1103 1750 216
1141 1711 1191 1769 ss,
1225 1709 1273 1772 ep.
1297 1684 1370 1750 Vat.

201 1795 229 1876 1,
256 1797 354 1878 1-4)
378 1795 491 1858 Thesei
524 1797 615 1878 facta,
647 1797 764 1859 scilicet
795 1798 827 1857 in
858 1816 970 1879 aprum
1001 1797 1052 1880 qui
1079 1794 1140 1857 fuit
1163 1797 1372 1879 Crommyone

198 1923 247 1964 151
271 1910 360 1986 gesta
383 1903 462 1984 (435
494 1904 532 1985 1.)
564 1905 596 1966 in
620 1902 823 1989 Periphetem
853 1901 932 1981 (436
963 1903 1012 1984 1.),
1043 1903 1253 1985 Procrustenr,
1284 1902 1372 1964 ouius

198 2030 312 2072 nomen
334 2009 547 2094 Apollodorus
575 2009 714 2096 (epVat.
740 2010 768 2092 1,
794 2010 828 2091 4)
853 2009 1023 2072 Damasten
1047 2010 1096 2072 vei
1126 1991 1372 2094 Polypemonem

199 2116 293 2179 tradit
306 2116 409 2199 (438),
426 2117 619 2202 Cercyonem
633 2117 736 2199 (439),
753 2115 852 2179 Sinim
868 2116 946 2197 (440
959 2117 1024 2198 ss),
1039 2115 1200 2179 Scironem
1216 2114 1294 2195 (443
1306 2117 1369 2197 sa).

199 2223 271 2285 Non
304 2231 500 2308 praeteream
535 2244 637 2307 neque
667 2223 816 2287 Ovidium
847 2223 940 2305 (447)
972 2245 1074 2307 neque
1107 2221 1372 2308 mythographum

198 2330 259 2414 (op.
279 2331 307 2413 1,
332 2331 366 2411 2)
390 2332 533 2393 omittere
557 2332 799 2412 annotationem,
825 2351 902 2393 saxa
921 2350 1020 2415 prope
1045 2329 1176 2414 Megara
1199 2351 1218 2392 a
1242 2329 1370 2394 Scirone

199 2456 312 2500 nomen
335 2437 501 2522 accepisse.

305 2543 368 2608 Sod
398 2546 492 2607 etiam
524 2545 570 2626 iis,
603 2565 683 2630 quae
714 2546 746 2607 in
777 2544 1083 2630 Metamorphosibus
1114 2543 1187 2606 inde
1217 2566 1236 2606 a
1260 2567 1288 2607 v.
1305 2546 1368 2606 453

198 2658 382 2736 sequuntur,
406 2651 584 2715 Atticarum
608 2650 788 2715 fabularum
812 2655 908 2715 series
932 2651 1047 2714 subest.

303 2767 352 2829 Ac
380 2769 515 2852 primum
543 2768 784 2850 animadvertas,
815 2790 909 2853 quam
939 2768 1052 2830 callido
1083 2768 1215 2833 Ovidius
1246 2766 1370 2829 fabulas

197 2873 324 2937 aliunde
357 2873 525 2937 induxerit.
575 2875 692 2937 Marrat
722 2876 806 2938 enim
839 2875 985 2957 Minoem,
1010 2882 1044 2937 ut
1077 2874 1240 2960 Androgei
1263 2895 1372 2937 necem

197 2981 371 3044 vindicaret
384 2981 477 3063 (4583
493 2982 533 3044 cf.
549 2980 632 3066 Apd.
649 2981 806 3064 ΙΙΙ-269),
830 2980 1079 3045 Atheniensibus
1096 2981 1214 3044 bellurn
1231 2982 1371 3044 intulisse

197 3088 274 3168 (456
299 3109 354 3170 ss,
379 3088 419 3150 cf.
435 3087 518 3173 Apd.
536 3087 590 3151 ΙΙΙ
608 3088 686 3170 210)
711 3097 815 3174 atque,
841 3098 875 3151 ut
898 3090 1071 3151 exercitum
1095 3089 1369 3173 augeret,1nultas

198 3196 313 3258 insulas
342 3193 400 3257 sibi
429 3194 621 3277 adiunxisse,
650 3195 817 3279 Anaphen,
846 3195 1083 3280 Astypalaeanr,
1114 3196 1293 3280 Myconum,
1318 3195 1369 3257 Oi-

196 3302 324 3384 molum,
355 3300 524 3386 Cythnum,
558 3301 734 3386 Seriphum,
767 3301 895 3384 Parum,
928 3302 1092 3386 Siphnum,
1121 3303 1209 3365 euius
1233 3303 1371 3386 ignotam

197 3406 340 3471 fabulam
364 3407 496 3471 Ovidius
521 3408 611 3471 affert
635 3409 850 3491 (465-468).
874 3409 1017 3493 Aeginae
1042 3418 1146 3471 autent
1169 3406 1294 3471 Aeacus
1314 3429 1372 3470 rex

197 3514 335 3576 Minoem
367 3515 522 3577 auxilium
552 3520 711 3598 potentem
741 3516 876 3600 repellit,
908 3518 1055 3601 (lusciniam
1079 3515 1183 3578 insula
1215 3515 1369 3577 artissimo

198 3643 267 3684 eum
291 3621 539 3684 Atheniensibus
568 3623 732 3685 coniuncta
760 3625 800 3685 sit
824 3624 959 3704 vinculo,
991 3630 1084 3706 atque
1108 3643 1142 3684 re
1167 3642 1241 3684 sera
1266 3621 1369 3683 Minoo

197 3729 253 3792 vix
276 3735 385 3792 evecto
411 3726 490 3808 (490
515 3729 553 3809 1.)
577 3727 781 3791 Atheniensis
812 3729 901 3791 adest
932 3708 1089 3813 Cephalus
1120 3749 1190 3790 curn
1219 3730 1311 3813 t'lyto
1340 3736 1371 3790 51

196 3834 290 3918 Buta,
314 3835 468 3898 Pallantis
493 3835 575 3917 filiis,
601 3836 818 3920 auxiliumque
844 3836 883 3898 ab
907 3836 1012 3898 Aeaco
1036 3837 1114 3920 petit
1138 3843 1168 3898 et
1191 3836 1312 3919 accipit.

302 3950 376 4013 Jam
399 3958 539 4036 apparet,
565 3972 660 4034 quant
683 3949 722 4012 ob
747 3971 813 4013 rom
828 3951 961 4014 Ovidius
976 3950 1117 4014 Aeacum
1133 3951 1370 4036 Cephalumque

196 4125 379 4178 Wernickium
406 4142 534 4191 moneant,
564 4128 607 4190 qui
636 4128 661 4178 in
691 4127 870 4195 Pauly-Wiss.
891 4126 942 4177 1511.
970 4127 1020 4178 vol.
1046 4127 1058 4177 1
1083 4127 1133 4178 col.
1160 4130 1211 4178 954
1235 4125 1368 4179 Justinmn

196 4213 602 4283 (116,14)5111110111115111511
626 4217 782 4280 consentire,
803 4214 925 4267 Medeam
952 4231 1008 4267 sua
1033 4224 1150 4282 sponte
1177 4215 1289 4267 Athenis
1309 4218 1371 4267 11111-

195 4319 291 4372 grasse.
313 4301 364 4356 Sed
387 4304 465 4371 ptane
489 4306 566 4356 aliter
589 4320 630 4356 res
654 4320 681 4357 se
707 4304 787 4356 habet
810 4302 882 4372 apud
901 4305 1047 4357 Justinum:
1069 4307 1110 4371 ,A
1129 4321 1181 4372 quo
1201 4306 1248 4371 (sc.
1268 4306 1370 4373 Aegeo)

196 4408 256 4460 per
275 4392 437 4444 divortio
446 4409 471 4443 nr
491 4391 628 4445 discedens
649 4399 759 4461 propter
778 4391 895 4446 adultam
914 4393 1027 4462 privigni
1047 4398 1160 4446 aetatem
1180 4393 1292 4446 Colchos
1311 4411 1370 4446 oum

195 4480 286 4536 Medio
306 4480 360 4534 filio
381 4522 428 4533 ...
449 4482 603 4536 concessit‚“
