3350 5184
656 425 876 490 ruffi„

179 627 243 690 229
259 647 293 710 a,
318 646 388 690 cum
413 624 554 690 Actaeon
579 647 597 688 a
620 625 749 689 canibus
774 627 837 688 suis
862 626 1050 710 agitaretur:

611 733 765 814 „clamare
789 732 921 796 libebat:

286 838 437 905 ‘Actaeon
461 861 519 925 ogo
544 860 626 903 sum:
652 838 813 902 dominum
836 841 1011 923 cognoscite
1035 839 1223 902 vestruml'“

179 946 330 1010 Similiter
352 945 484 1010 Nonnus
510 969 540 1010 v.
558 946 621 1008 322
638 967 677 1008 s.:

575 1051 764 1138 ,Ἆελλήευτε
790 1052 824 1114 δὲ
849 1050 956 1138 νεβρῷ

285 1160 378 1224 εἰσέτι
400 1162 521 1246 μοῦνος
543 1163 596 1244 ἔην
620 1159 695 1227 νόος
718 1157 881 1244 {unedozss

285 1267 406 1332 Tamen
436 1269 494 1330 etsi
528 1268 708 1330 facultatem
740 1265 889 1351 loquendi
923 1263 1066 1330 Actaeon
1098 1267 1211 1349 amisit,
1246 1267 1350 1350 inepte

178 1373 312 1438 effundit
332 1375 442 1460 longos
466 1381 593 1461 questus
618 1374 824 1455 (337—3653
861 1370 986 1459 ,κινυρῇ
1008 1372 1190 1459 βρυχήσατο
1210 1370 1351 1459 ςωνῄιί).

283 1482 349 1545 Res
382 1481 508 1567 quidem
541 1482 732 1564 simillimae3
770 1487 875 1543 tamen
908 1501 990 1561 eum,
1030 1479 1083 1565 qui
1117 1479 1156 1543 de
1188 1481 1345 1544 communi

178 1589 265 1652 fonte
288 1589 412 1674 cogitet,
436 1587 495 1651 hoe
518 1609 663 1652 moneam
694 1588 828 1650 similem
856 1608 923 1654 rem
947 1586 1031 1672 apud
1052 1585 1204 1651 Ovidium
1226 1589 1351 1672 saepius

178 1697 323 1778 inveniri,
355 1696 399 1758 ita
430 1702 466 1758 ut
502 1695 543 1758 ad
578 1694 803 1780 supellectilem
838 1694 928 1779 quasi
964 1701 1076 1778 poetae
1108 1694 1158 1757 vol
1189 1700 1353 1777 poetarum

176 1804 365 1886 pertinuisse
380 1801 571 1865 censendum
586 1804 634 1886 sit,
653 1803 706 1886 qui
722 1796 1026 1885 metamorphosibus
1041 1798 1206 1862 narrandis
1221 1820 1350 1885 operam

177 1917 385 1973 navaverunt.
425 1908 474 1972 Dc
490 1908 620 1972 Calliste
638 1911 723 1971 enim
746 1906 884 1970 aDiana
907 1908 940 1970 iu
963 1928 1070 1969 ursam
1093 1912 1214 1970 mutata
1239 1907 1353 1990 legitur

177 2023 251 2080 met.
267 2016 302 2079 ΙΙ
327 2017 391 2078 483
410 2037 467 2080 sa:

288 2145 397 2209 „posse
421 2123 507 2209 loqui
531 2123 673 2207 eripitur,
698 2144 762 2188 vox
785 2122 937 2186 iracunda
960 2122 1131 2204 minaxque

285 2230 442 2316 plenaque
465 2231 594 2293 terroris
617 2251 712 2293 rauco
736 2229 775 2293 de
798 2236 926 2314 gutture
951 2229 1062 2293 fertur.

284 2358 372 2400 mens
396 2338 526 2422 antiqua
550 2344 655 2400 tamen
679 2337 763 2401 facta
786 2319 912 2422 quoque
935 2336 1050 2400 mansit
1073 2338 1106 2398 in
1129 2336 1232 2399 ursa.“

177 2442 285 2527 Atque
321 2449 355 2508 ut
394 2445 559 2529 intellegas
594 2445 757 2508 Nasonem
791 2464 962 2530 numquam
1002 2443 1159 2506 taeduisse
1201 2448 1353 2505 annotare

178 2558 314 2614 mutatas
338 2572 498 2637 personas,
524 2572 592 2613 curn
618 2552 703 2634 loqui
727 2557 925 2632 conarentur,
956 2550 1128 2614 bestiarum
1159 2551 1221 2611 ritu
1243 2569 1352 2612 vocem

177 2659 310 2740 misisse,
322 2659 389 2743 ipse
401 2658 546 2721 conferas
558 2678 629 2719 cum
639 2665 711 2721 met.
723 2658 778 2720 ΙΙΙ
790 2659 852 2720 237
867 2679 907 2720 ss.
920 2677 1001 2740 quae
1012 2656 1051 2719 de
1065 2656 1143 2719 lone
1160 2656 1191 2735 (Ι
1209 2656 1271 2719 655
1286 2655 1351 2737 ss),

178 2763 322 2850 Ocyrhoe
358 2763 406 2846 (ΙΙ
431 2765 518 2848 665),
555 2763 674 2827 Oadrno
700 2763 762 2845 (IV
787 2765 850 2826 586
886 2763 951 2845 ss),
983 2761 1163 2826 Pieridibus
1195 2762 1239 2843 (V
1263 2761 1352 2844 670),

178 2871 312 2934 Hecuba
329 2871 430 2952 (ΧΙΙΙ
456 2873 517 2934 567
535 2871 573 2953 s.)
599 2873 631 2933 in
654 2869 790 2956 pecudes
813 2871 1045 2937 transformatis
1068 2877 1184 2933 narrat.

285 2978 386 3042 Simili
411 2983 516 3040 autem
539 2977 631 3041 modo
656 2977 844 3040 crediderim
867 2975 1017 3041 Ovidium
1045 2977 1249 3039 immiscuisse
1273 2975 1353 3040 hanc

177 3105 254 3167 rem,
283 3084 477 3148 Actaeonem
510 3091 661 3147 mutatam
696 3085 830 3147 formam
863 3104 951 3146 suam
980 3083 1012 3145 in
1040 3105 1123 3169 aqua
1153 3084 1352 3167 conspexisse

178 3191 257 3272 (200
280 3191 328 3273 s).
376 3191 466 3254 Idem
503 3193 586 3253 euim
621 3196 728 3254 narrat
765 3190 804 3254 de
827 3190 907 3254 Ioue
943 3191 976 3252 in
1013 3211 1139 3254 vaccam
1174 3197 1354 3255 transversa

178 3298 195 3359 I
221 3298 284 3360 639
310 3319 348 3360 ss.

285 3405 367 3468 Item
405 3406 437 3466 iu
473 3407 653 3468 narratione
689 3406 727 3468 de
757 3405 906 3468 Semela
942 3404 1010 3486 (ΙΙΙ
1045 3404 1245 3487 aec-315),
1282 3425 1353 3468 cum

177 3512 354 3596 compendii
386 3512 589 3596 mythologici
620 3514 810 3598 expilatores
848 3512 931 3576 idem
959 3518 1088 3574 narrent
1112 3511 1165 3592 (cf.
1186 3510 1271 3595 Apd.
1296 3511 1351 3574 ΠΙ

178 3619 219 3681 26
232 3640 287 3701 ss.;
301 3618 388 3704 Hyg.
403 3619 425 3682 f.
441 3620 516 3700 1793
532 3619 624 3683 Diod.
642 3620 695 3682 Ill
711 3621 762 3702 64,
777 3621 806 3700 3,
821 3619 884 3699 (lV
896 3623 926 3702 2,
941 3623 975 3702 2,
989 3618 1029 3682 cf.
1043 3619 1079 3681 E.
1091 3616 1205 3701 Bethe,
1218 3625 1351 3705 quaestt.

177 3725 270 3788 Diod.
288 3750 317 3812 p.
336 3728 377 3789 58
395 3727 460 3809 ss),
491 3726 651 3790 Nasonem
675 3749 692 3788 e
716 3726 901 3810 compendio
931 3725 1073 3788 hausisse
1109 3747 1230 3807 censeo,
1266 3725 1352 3788 cuius

177 3834 275 3897 verba
289 3835 500 3898 exornaverit.
540 3832 627 3896 Audi
652 3836 734 3896 enirn
749 3833 770 3896 J
774 3854 909 3896 uuonrrm
926 3833 1066 3896 invidam
1090 3833 1170 3895 iram
1186 3831 1352 3895 effunden-

177 3948 241 4003 tem
265 3942 297 4003 in
321 3940 477 4004 Semelam
502 3943 672 4024 aemulam3
697 3961 801 4003 nonne
826 3942 923 4027 ipsius
943 3950 1054 4025 poetae
1078 3941 1195 4024 ingenii
1221 3940 1350 4002 oratorii

176 4056 283 4112 notam
306 4048 384 4111 haec
407 4069 482 4134 prae
506 4070 538 4110 se
562 4047 691 4111 ferunt?

284 4155 458 4241 Praecipue
475 4162 580 4218 autern
597 4157 686 4238 ratio⁷
708 4177 769 4240 qua
786 4155 918 4218 Ovidius
937 4156 1150 4218 narrationem
1171 4154 1208 4216 do
1223 4153 1352 4216 Aeneae

176 4262 310 4326 navibus
336 4263 355 4326 l.
376 4261 459 4348 XIV
481 4263 689 4348 composuerit
714 4262 767 4342 (ef.
791 4284 873 4346 quae
897 4264 1027 4347 exposui
1053 4284 1082 4346 p.
1101 4263 1155 4345 11)
1180 4262 1212 4323 in
1235 4281 1352 4322 memo-

177 4371 257 4432 riam
273 4377 437 4434 revocatur
456 4369 609 4452 versibus,
634 4369 748 4454 quibus
772 4368 903 4432 Cadmi
928 4374 959 4431 et
974 4368 1204 4432 Harmoniae
1225 4367 1352 4429 exitus

176 4479 352 4543 illustratur
376 4475 439 4560 (IV
460 4476 658 4559 563-603).
699 4475 824 4538 Pariter
849 4478 931 4540 enim
959 4476 1058 4538 omnis
1089 4475 1276 4540 narrationis
1302 4494 1352 4537 ars
