3350 5184
769 413 989 477 ,10-

398 607 549 672 Aeneidis
572 608 604 671 V
627 607 699 672 libri
723 618 944 695 argumentum
971 613 1147 674 continetur
1171 634 1200 675 v.
1219 613 1361 694 82-90,
1386 633 1464 698 quos

291 715 358 800 ipse
381 736 449 778 cum
473 715 618 801 Vergilio
647 717 800 781 conferas.
848 717 1077 782 Annotaverim
1103 720 1207 801 modo,
1236 741 1317 806 quae
1345 719 1385 782 de
1408 740 1463 782 suo

291 821 423 885 Ovidius
457 822 628 907 addiderit,
673 825 791 888 scilicet
821 823 965 888 Aeneam
994 825 1124 889 Aeolias
1155 827 1274 890 insulas
1303 827 1466 890 Inarimen

290 929 470 1014 Prochyten
484 931 668 994 Pithecusas
691 939 942 1017 praetervectum
966 954 1034 996 esse
1049 932 1219 1015 (at-90).
1245 933 1330 1007 Quas
1346 933 1463 998 insulas

291 1044 463 1119 enumerat,
488 1046 523 1100 ut
546 1037 720 1122 Cercopum
745 1038 887 1101 fabulam
910 1039 1024 1102 afferat
1048 1039 1239 1122 (al-100).

397 1143 540 1208 Aeneam
571 1145 669 1208 classe
701 1146 816 1208 Cumas
847 1145 980 1231 appulsa
1009 1146 1151 1230 Sibyllae
1183 1154 1309 1211 antrum
1339 1147 1463 1230 adiisse,

291 1271 386 1314 aureo
410 1273 497 1314 ramo
520 1261 611 1337 capto
635 1274 705 1316 cum
729 1275 766 1316 ea
789 1253 829 1316 ad
854 1254 972 1316 inferos
997 1253 1204 1336 descendisse,
1228 1276 1417 1339 proavorum
1433 1267 1465 1318 et

291 1358 388 1441 patris
413 1356 455 1421 ibi
477 1360 604 1423 umbras
628 1360 754 1444 vidisse,
780 1361 921 1424 Caietam
945 1360 1018 1425 indo
1038 1362 1205 1445 navigasse
1226 1361 1358 1424 Ovidius
1380 1361 1463 1425 XIV

294 1465 466 1528 101-440
486 1467 629 1550 Vergilio
654 1475 779 1531 auctore
798 1476 916 1551 narrat,
941 1470 994 1553 qui
1015 1469 1072 1532 bas
1091 1471 1191 1532 resin
1211 1467 1289 1532 l.Vl
1306 1470 1462 1554 exposuit.

397 1573 536 1637 Aliunde
561 1582 665 1638 autem
694 1575 882 1659 interposuit
905 1575 1047 1659 Sibyllae
1078 1576 1219 1639 fabulam
1248 1576 1462 1658 (lab-154),

291 1701 385 1764 quam
415 1681 484 1766 ipsa
508 1680 631 1766 Sibylla
654 1681 783 1745 Aeneae
811 1690 929 1765 narrat,
958 1704 1015 1746 neo
1039 1704 1101 1746 non
1124 1704 1205 1768 quae
1227 1683 1316 1746 Ulixi
1341 1685 1464 1746 eteius

291 1787 380 1850 sociis
399 1787 483 1872 apud
496 1787 775 1873 Polyphemum¹¹l
799 1789 1014 1873 (loo-222),
1038 1790 1175 1854 Aeolum
1188 1787 1227 1869 ¹¹)
1250 1791 1462 1872 (aas-232),

290 1893 522 1978 Laestrygones
537 1893 574 1978 ¹¹)
600 1895 813 1980 (aaa-242),
848 1896 959 1960 Circen
974 1895 1012 1979 11)
1041 1897 1246 1980 (243-434)
1269 1898 1461 1961 accidissent.

291 2000 359 2063 Hos
384 2002 648 2066 omnesOvidius
678 2004 770 2066 solita
800 2025 858 2067 sua
885 2003 1026 2067 sollertia
1056 2004 1197 2068 induxit:
1228 2003 1356 2068 Caietae
1380 2006 1464 2067 enim

291 2107 420 2171 Troiani
443 2108 634 2192 Macareum,
662 2131 761 2173 unum
784 2097 825 2173 eri
850 2111 957 2173 Ulixis
980 2111 1154 2194 comitibus,
1179 2112 1387 2175 offenderunt.
1421 2111 1464 2174 Et

290 2236 361 2278 cum
375 2217 429 2278 ille
445 2216 713 2281 Achaemenidem
727 2219 854 2301 socium,
880 2239 974 2304 quern
990 2219 1119 2282 Troiani
1135 2222 1166 2282 in
1183 2219 1289 2282 Sicilia
1303 2219 1463 2304 Polyphe-

290 2343 375 2385 mum
401 2324 573 2408 fugientem
607 2325 740 2388 navibus
764 2333 958 2410 receperant,
991 2326 1181 2410 agnovisset,
1214 2332 1347 2411 uterque
1382 2347 1463 2410 quae

290 2451 400 2514 passus
424 2439 505 2493 esset
529 2433 628 2494 amico
652 2433 800 2495 narravit.

398 2537 545 2601 Ceterum
565 2538 696 2602 Ovidius
715 2539 957 2602 Achaemenidis
981 2542 1192 2603 narrationem
1217 2543 1260 2603 ita
1283 2548 1404 2623 tractat,
1428 2548 1464 2604 ut

291 2646 415 2707 insertis
450 2647 569 2731 aliquot
596 2646 740 2709 frustulis
770 2646 947 2710 Homericis
979 2647 1032 2728 (cf.
1055 2647 1112 2711 Od.
1137 2649 1166 2731 9,
1192 2649 1266 2730 481,
1296 2649 1359 2710 536
1391 2648 1463 2729 oto.)

290 2759 395 2814 tamen
419 2755 544 2817 omnino
568 2751 746 2838 Vergilium
772 2753 840 2834 (ΠΙ
865 2754 1055 2835 saa-654)
1078 2762 1238 2837 sequatur.
1272 2755 1322 2817 Ita
1346 2755 1463 2841 paritor

290 2881 326 2922 ac
350 2859 439 2923 Maro
463 2861 729 2924 Achaemenidem
754 2860 915 2942 describit,
944 2862 984 2925 of.
1010 2861 1109 2946 Verg.
1139 2863 1204 2925 594
1232 2871 1462 2943 ,consertum

290 2976 465 3051 tegumen
499 2969 637 3053 spinis“
671 2989 740 3030 curn
775 2967 833 3030 Ov.
854 2969 915 3030 166
953 2970 1034 3049 ,iam
1062 2989 1136 3031 suus
1166 2977 1197 3031 et
1227 2970 1346 3054 spinis
1379 2990 1459 3032 oon·

290 3083 390 3137 serto
414 3077 579 3159 tegmine
603 3076 727 3138 nullis.“
768 3076 836 3138 Noc
860 3082 1067 3159 praeteream,
1092 3097 1162 3139 cum
1187 3075 1357 3140 seeundum
1381 3075 1462 3139 Ver·

290 3183 400 3265 gilium
415 3181 555 3244 Misenus
579 3203 675 3245 aureo
700 3203 786 3246 ramo
811 3191 935 3268 reperto
961 3183 1083 3266 Sibylla
1108 3191 1235 3246 auctore
1257 3183 1398 3267 sepultus
1413 3185 1462 3263 sit,

290 3287 437 3351 Ovidium
468 3289 611 3372 neglecta
646 3297 823 3373 temporum
862 3291 982 3352 ratione
1013 3291 1075 3351 iam
1107 3289 1160 3351 ubi
1194 3291 1322 3352 Aeneae
1354 3289 1462 3352 classis

289 3401 414 3480 portum
445 3395 619 3459 Cumarum
651 3398 746 3458 intret
774 3398 895 3477 ,canori
921 3395 1095 3458 Aeolidael
1129 3400 1170 3474 (v.
1199 3396 1275 3477 102)
1306 3397 1462 3459 tumulum

290 3523 542 3566 commemorare.
559 3559 561 3562 .

395 3610 517 3673 Eodem
549 3610 641 3673 modo
673 3631 709 3674 ac
742 3610 916 3696 Vergilius,
952 3611 1006 3674 sed
1037 3611 1136 3674 multo
1167 3612 1295 3674 brevius
1329 3611 1462 3675 Ovidius

289 3719 387 3780 refert
418 3717 570 3799 Caietam,
601 3718 730 3781 Aeneae
760 3720 924 3801 nutricem,
956 3726 1110 3781 mortuam
1141 3739 1219 3799 esse,
1249 3739 1267 3779 a
1292 3738 1354 3802 qua
1389 3719 1462 3780 litus

289 3846 403 3887 nomen
438 3825 600 3910 acceperit,
637 3834 668 3888 ot
703 3824 865 3907 Troianos,
903 3847 973 3888 cum
1009 3826 1114 3889 Circes
1150 3826 1284 3888 insulam
1319 3825 1463 3887 celeriter

289 3933 496 4017 praetervecti
520 3931 656 4017 donique
680 3933 713 3995 in
731 3932 860 3995 Latium
882 3935 1110 4017 pervenissent,
1133 3953 1153 3995 a
1175 3932 1289 3995 Latino
1314 3938 1462 4016 exceptos

290 4060 366 4122 esse,
380 4039 434 4102 sed
448 4037 590 4102 Turnum
603 4039 722 4101 bellum
734 4044 843 4102 contra
855 4039 993 4102 advenas
1007 4041 1141 4103 movisse
1154 4037 1250 4116 (XIV
1261 4039 1461 4120 441-451).

288 4145 521 4230 Argumentum
544 4145 602 4208 hoc
626 4153 673 4208 est
695 4144 848 4208 Aeneidis
873 4146 943 4208 libri
968 4144 1046 4209 VII.

395 4252 440 4315 At
463 4253 642 4339 qui-adhuc
666 4264 729 4316 tam
753 4260 819 4316 arte
843 4251 1024 4336 Vergilium
1053 4260 1177 4316 secutus
1201 4260 1258 4334 est,
1293 4260 1329 4317 ut
1353 4255 1460 4336 siugu-

289 4361 391 4425 lorum
416 4360 568 4423 librorum
584 4368 771 4444 argumenta
786 4358 920 4423 discerni
945 4368 1073 4446 possent
1088 4368 1120 4423 ot
1142 4365 1196 4444 qui
1218 4360 1378 4423 interdum
1392 4381 1462 4424 vor·

398 4502 430 4572 ¹¹)
450 4502 505 4555 Has
524 4503 687 4556 narrationes
707 4500 816 4555 Ovidius
834 4515 868 4555 ex
888 4500 1006 4572 Odyssea
1023 4502 1119 4555 hausit.
