3350 5184
662 607 692 659 ‘i'

639 663 648 691 l

685 712 717 732 „-

609 789 701 854 Ur&
737 816 797 836 ‹¹
860 783 864 791 '

611 965 614 970 y
649 963 685 996 (Ὗ
829 983 845 1000 ,ζ

650 998 722 1050 ¹usvair..
759 1004 831 1042 Μ’,

672 1263 835 1338 CAPUT
865 1263 893 1337 i

222 1457 398 1538 Ovidius
427 1457 526 1558 quid
556 1481 578 1536 e
608 1459 782 1558 Vergilii
813 1459 1000 1537 Aeneide
1029 1461 1251 1536 mutuatus
1280 1453 1353 1533 sit.

301 1673 434 1737 Ovidius
453 1675 485 1736 in
500 1673 695 1757 amplissimo
720 1672 872 1736 librorum
896 1692 1024 1736 suorum
1041 1671 1133 1735 tertio
1150 1670 1270 1733 decimo
1287 1672 1368 1733 inter

194 1781 370 1844 Memnonis
401 1788 432 1843 et
459 1780 534 1843 Anii
564 1780 701 1843 filiarum
733 1779 858 1843 fabulas
888 1800 989 1864 pauea
1018 1779 1150 1841 inseruit
1180 1777 1224 1840 de
1253 1777 1369 1840 Troia

195 1908 329 1952 eversa
353 1893 388 1950 et
407 1887 450 1950 de
467 1887 595 1950 Aenea
618 1909 696 1950 cum
715 1893 823 1972 patre
843 1887 1010 1951 Anchisa
1030 1885 1193 1972 profugo
1210 1884 1367 1966 (623((1.

196 1994 276 2057 Cum
301 1999 404 2057 autem
429 1995 623 2057 narrationes
647 1993 686 2056 de
703 1994 778 2056 Anii
803 2000 834 2056 et
857 1993 897 2056 de
912 1993 1038 2057 Orionis
1061 1992 1186 2055 filiabus
1210 1991 1250 2054 ad
1274 1991 1369 2054 finem

195 2100 406 2186 perduxisset,
440 2099 480 2164 ad
509 2100 652 2164 Aeneam
687 2121 833 2164 reversus
868 2101 1053 2164 brevissime
1087 2100 1272 2184 perstrinxit
1302 2101 1369 2161 eius

196 2229 357 2290 errores,
390 2207 527 2293 quibus
556 2207 650 2270 Delo
679 2209 716 2270 in
745 2207 916 2272 Siciliam
948 2206 1121 2269 defertur
1145 2206 1368 2287 (leo—724).

196 2315 302 2378 Pauca
317 2313 431 2378 deinde
447 2315 610 2399 praefatus
627 2314 665 2378 de
683 2313 808 2378 Siciliae
831 2317 893 2378 situ
917 2315 996 2396 (724
1012 2314 1066 2395 ss.)
1091 2334 1213 2377 summa
1232 2314 1371 2376 colorum

196 2429 360 2484 venustate
384 2421 536 2508 depinxit,
571 2422 726 2506 quomedo
751 2421 966 2507 Polyphemus
989 2440 1128 2484 amorem
1152 2441 1242 2484 suum
1267 2420 1370 2482 fassus

198 2537 278 2592 osset
294 2528 446 2592 Galateae
470 2551 551 2615 quae
568 2529 702 2593 Aeidem
721 2529 877 2613 diligeret,
901 2550 1038 2592 necnon
1059 2527 1215 2613 quomodo
1232 2527 1370 2591 Glaucus

197 2636 335 2722 Scyllam
354 2637 442 2700 irrito
456 2643 638 2721 persecutus
658 2644 740 2699 esset
756 2657 863 2699 amore
882 2643 913 2698 et
929 2635 1019 2699 Circe
1031 2633 1144 2698 Glauci
1161 2655 1267 2698 amore
1280 2641 1371 2719 capta

197 2745 352 2806 aemulam
376 2746 506 2808 venenis
530 2746 563 2806 in
585 2752 759 2806 monstrum
782 2750 933 2806 mutasset
951 2741 1053 2824 (XIII
1071 2743 1134 2806 732
1151 2779 1185 2787 -
1203 2741 1287 2805 XIV
1303 2742 1369 2823 74).

303 2850 387 2914 XIV
405 2853 445 2914 75
462 2853 575 2913 iterum
592 2850 632 2912 ad
647 2850 789 2913 Aeneam
803 2871 950 2914 reversus
964 2851 1115 2913 extremis
1131 2848 1257 2933 quidem
1275 2850 1372 2912 linea·

197 2960 310 3021 mentis
334 2957 493 3020 Didonis
517 2979 677 3019 amorem
706 2971 740 3019 et
763 2965 929 3039 mortem,
959 2957 1110 3020 Aeneae
1137 2958 1175 3018 in
1203 2955 1372 3020 Siciliam

199 3064 375 3146 reditum,
404 3066 557 3127 navium
588 3063 817 3145 incendium,
847 3067 920 3127 iter
944 3064 989 3126 ad
1018 3063 1205 3149 Sibyllam
1234 3063 1371 3126 factum

199 3172 345 3255 exposuit
361 3170 559 3253 (io-105),
577 3178 684 3233 contra
700 3170 828 3233 uberius
845 3169 987 3254 Sibyllae
1003 3170 1144 3233 fabulam
1156 3170 1371 3252 (130-153),

199 3277 369 3362 Cyclopem
385 3277 424 3340 ab
444 3276 540 3340 Ulixe
555 3285 756 3340 excaecatum
770 3278 986 3361 (lot—222),
1010 3278 1115 3340 Ulixis
1132 3279 1230 3341 socios
1249 3299 1267 3340 a
1284 3276 1373 3340 Oiree
1405 3315 1410 3324 ·

198 3385 230 3446 in
248 3406 318 3447 sues
334 3393 468 3448 mutatos
484 3384 698 3468 (ala-309),
727 3385 794 3448 Pici
812 3385 975 3448 historiam
990 3385 1194 3466 (sle-434)
1217 3386 1372 3448 tractavit.

197 3491 239 3555 Et
263 3513 299 3554 ea
323 3511 404 3574 quae
429 3492 601 3554 466-511
629 3491 668 3554 do
692 3491 855 3556 Diomedis
885 3493 976 3555 sociis
1000 3495 1032 3554 in
1057 3513 1131 3555 aves
1160 3494 1317 3555 conversis
1342 3497 1375 3554 et

199 3600 373 3662 ela-526
395 3598 433 3661 de
447 3609 573 3683 pastore
587 3599 694 3683 Apulo
713 3621 732 3662 a
747 3599 896 3684 nymphis
912 3600 944 3661 in
961 3601 1131 3662 oleastrum
1149 3599 1372 3662 transformato

198 3708 348 3786 narravit,
373 3708 515 3791 margine
541 3708 627 3792 quasi
654 3708 779 3769 inclusit
803 3706 936 3770 Ovidius
956 3707 1136 3769 narratione
1161 3704 1374 3769 derueae

199 3813 391 3899 Turnique
419 3813 533 3877 rebus
566 3815 683 3898 gestis
707 3813 908 3896 (etl-466,
934 3814 1134 3895 oei—580).
1171 3812 1298 3877 Adiecit
1321 3813 1375 3876 de·

200 3921 294 4003 nique
317 3921 459 3985 Aeneam
483 3924 566 3983 inter
590 3920 665 3984 deos
689 3921 825 3984 rolatum
850 3942 916 3983 esse
940 3920 1154 4002 (581-608).

306 4027 404 4090 Vides
419 4050 499 4112 quae
514 4028 670 4091 distractis
688 4029 799 4091 litteris
815 4028 948 4112 adposui
965 4028 1005 4091 ad
1022 4027 1151 4091 Aeneae
1165 4051 1215 4091 res
1233 4038 1374 4112 spectaro

200 4135 290 4196 etita
314 4136 393 4196 inter
412 4156 444 4196 se
463 4135 640 4218 cohaerere,
662 4142 694 4197 ut
715 4134 851 4219 demptis
877 4136 1008 4221 reliquis
1031 4136 1242 4198 continentem
1267 4157 1372 4199 rerum

200 4241 312 4304 seriem
336 4240 478 4304 efficiant.
518 4242 631 4326 Neque
656 4243 791 4305 incertus
823 4244 884 4304 eris
913 4263 1007 4326 quem
1035 4249 1194 4305 auctorem
1223 4242 1263 4304 ad
1293 4243 1375 4306 haec

199 4347 356 4411 narranda
370 4360 493 4412 secutus
508 4350 547 4411 sit
563 4348 703 4414 Ovidius.
744 4349 788 4411 Ut
805 4351 889 4410 enim
904 4351 1162 4433 praetermittam,
1180 4350 1371 4435 quicumque

200 4466 269 4541 post
279 4457 456 4541 Vergilium
465 4457 593 4520 Aeneae
603 4459 797 4519 narrationes
813 4464 966 4538 taugeret,
984 4458 1067 4518 illius
1078 4456 1224 4517 carminis
1235 4456 1375 4538 uestigiis
