3350 5184
684 418 903 480 „27-

204 635 272 678 eum
297 636 375 700 puer
399 613 539 698 affertur,
569 612 721 678 Acoetam
749 613 943 677 intercedere
974 612 1050 676 facit
1080 613 1159 695 (609
1184 635 1234 696 ss.,
1259 613 1321 676 621
1341 636 1377 692 s.,

204 723 268 785 623
289 724 402 808 ,inquo
426 722 514 786 aditu
538 721 701 805 obsisto“),
725 743 796 785 cum
819 724 852 784 in
875 721 993 807 hymno
1016 721 1209 805 gubernator
1233 729 1298 784 tum
1323 721 1376 784 do-

203 851 287 894 mum
314 842 349 893 ut
372 830 553 893 adulescens
578 829 730 893 liberetur
753 831 899 914 postulet,
923 835 1089 914 postquam
1110 828 1189 893 vidit
1204 831 1292 892 nulla
1308 829 1377 893 vin·

203 936 273 1000 cula
290 958 361 1000 eum
378 943 494 1000 tenere.
524 937 630 999 Perite
646 941 810 1021 praeterea
833 935 919 1019 apud
936 934 1087 999 Ovidium
1110 942 1141 998 et
1157 936 1377 1019 gubernatoris

203 1045 440 1108 reclamationes
464 1049 495 1106 et
519 1051 685 1106 nautarum
701 1044 891 1128 protervitas
908 1052 999 1106 aucta
1015 1052 1071 1106 est.
1103 1042 1187 1106 Nam
1207 1063 1269 1106 non
1283 1043 1377 1107 modo

203 1153 310 1233 semel,
334 1163 369 1213 ut
393 1154 426 1215 in
447 1150 575 1236 hymno,
608 1151 662 1214 sed
686 1157 734 1213 ter
757 1151 892 1213 Acoetes
922 1151 1032 1213 sceleri
1060 1149 1251 1236 obloquitur,
1282 1160 1377 1237 atque

203 1280 273 1321 oum
303 1267 411 1322 contra
440 1258 535 1322 fidem
564 1259 694 1322 Naxum
727 1259 925 1343 praetervehi
959 1279 1030 1322 eum
1060 1259 1134 1320 socii
1163 1259 1334 1339 iussissent,
1359 1281 1377 1321 a

203 1366 416 1451 gubernaculo
441 1366 567 1429 recedit.
608 1366 648 1429 Iu
671 1367 733 1428 fine
757 1365 871 1428 deinde
895 1365 1058 1451 utriusque
1086 1367 1275 1428 narrationis
1299 1365 1377 1450 legi·

203 1494 272 1536 mus
295 1474 456 1537 Bacchum
480 1473 682 1557 gubernatori
708 1475 765 1536 soli
788 1473 966 1557 pepercisse
991 1494 1026 1535 ao
1051 1473 1167 1536 favisse
1192 1472 1312 1557 (hymn.
1328 1472 1377 1536 Vl

206 1581 247 1643 53
270 1602 325 1661 ss.;
350 1589 423 1643 met.
442 1581 497 1644 ΙΙΙ
522 1581 585 1643 688
606 1582 671 1662 ss).

310 1686 400 1761 Quae
423 1709 494 1751 cunr
523 1689 567 1750 ita
591 1689 662 1770 sint,
687 1686 723 1750 Ο.
745 1687 851 1750 Crusii
880 1687 1067 1750 sententiam
1091 1687 1130 1748 de
1154 1687 1260 1751 Ovidii
1291 1687 1377 1750 fonte

202 1798 344 1881 accipere
368 1795 486 1859 dubito.
519 1795 633 1859 Nonne
658 1796 791 1859 fortasse
807 1794 951 1876 Ovidius,
976 1802 1010 1858 ut
1034 1793 1209 1880 compendii
1235 1794 1377 1857 fabulam

202 1909 382 1985 exornaret,
408 1903 511 1987 ipsum
533 1901 686 1988 hymnum
710 1902 918 1965 Homericum
941 1901 1000 1964 sibi
1025 1901 1158 1965 ascivit?
1194 1901 1315 1964 Tamen
1338 1925 1377 1965 ne

201 2008 252 2072 hio
285 2009 413 2094 quidem
446 2007 579 2073 Ovidius
613 2011 760 2074 servilem
790 2030 822 2072 se
850 2008 980 2093 praebet
1010 2011 1208 2091 imitatorem,
1241 2009 1295 2071 sed
1324 2023 1378 2072 aut

202 2117 328 2179 omnino
371 2137 445 2178 suus
482 2123 543 2198 est,
589 2124 624 2179 ut
661 2117 692 2178 in
731 2115 940 2201 excogitanda
986 2117 1159 2200 piratarum
1205 2117 1377 2179 mutatione

203 2222 416 2306 (bid—686),
432 2222 469 2305 ¹⁰)
494 2231 548 2286 aut
583 2225 716 2308 singula,
742 2244 823 2307 quae
859 2223 1106 2306 deprompserat,
1143 2222 1183 2285 ad
1212 2222 1376 2286 libidinem

202 2331 294 2393 auxit
317 2329 423 2394 verbis
448 2341 560 2414 aptore
585 2332 728 2394 mutavit.

309 2437 370 2510 Qui
400 2439 567 2502 novissime
595 2437 635 2500 de
664 2437 791 2501 Cadmi
821 2436 1111 2522 Thebarumque
1142 2438 1376 2501 conditarum

203 2545 312 2608 fabula
336 2544 493 2609 Ouidiana
523 2548 587 2629 egit
611 2543 649 2608 (i.
665 2543 827 2628 Vollgraff
854 2545 887 2625 (l.
907 2546 925 2608 1.
941 2567 971 2629 p.
990 2546 1030 2608 63
1047 2545 1112 2626 ss),
1138 2545 1280 2630 Spironis
1309 2565 1377 2608 sen·

202 2653 343 2733 tentiam,
373 2655 426 2737 qui
456 2650 657 2733 iudicavit¹¹)
687 2651 793 2716 Ovidii
824 2660 982 2715 auctorem
1010 2672 1081 2715 cum
1105 2653 1183 2714 alios
1212 2655 1377 2737 scriptores

201 2767 268 2822 tum
284 2762 438 2823 canticum
463 2759 541 2822 illud
564 2760 810 2823 Phoenissarum
834 2759 923 2839 (Eur.
939 2759 1059 2822 Phoen.
1076 2783 1105 2823 r.
1122 2760 1186 2822 638
1202 2760 1267 2842 ss),
1293 2760 1377 2846 quod

201 2886 315 2930 novam
351 2866 478 2929 fabulae
514 2866 648 2929 formam
681 2874 903 2951 acceptamque
927 2889 946 2929 a
969 2869 1101 2950 posteris
1134 2868 1310 2951 praeberet,
1336 2868 1375 2930 ad

202 2993 292 3036 usum
315 2995 404 3036 suum
429 2972 619 3054 adhibuisse,
644 2975 836 3057 argumentis
861 2973 1097 3059 rationibusque
1113 2973 1274 3038 refutavit.
1300 2973 1375 3059 Ipse

202 3082 285 3142 enim
309 3078 346 3143 G.
364 3080 532 3165 Vollgraff,
557 3102 627 3143 cunr
652 3080 873 3144 similitudines
897 3080 1045 3145 Ovidium
1070 3083 1152 3144 inter
1175 3089 1207 3144 et
1226 3082 1376 3145 Nonnum

202 3187 308 3268 (Dion.
326 3186 376 3250 IV
400 3188 463 3250 289
482 3187 536 3269 00.)
562 3186 800 3270 intercederent,
826 3209 889 3250 non
913 3187 1043 3251 dubium
1058 3209 1126 3251 esse
1143 3189 1260 3270 statuit,
1283 3190 1377 3275 ,quin

202 3292 315 3358 Ouidio
339 3302 370 3356 et
393 3293 510 3356 Nonne
534 3295 635 3357 subsit
658 3293 729 3357 fons
753 3297 936 3378 communis,
966 3296 1106 3381 epyllion
1131 3295 1278 3359 videlieet
1300 3297 1376 3358 Ale-

201 3400 412 3464 xandrinum“
441 3401 484 3487 (p.
501 3402 568 3483 68).
616 3401 696 3465 Ourn
725 3417 829 3465 autern
861 3410 959 3466 totum
990 3418 1131 3466 tenorem
1154 3402 1377 3466 Thebanamm

202 3506 382 3571 fabularum
396 3507 545 3572 Ovidium
565 3531 606 3572 ex
622 3509 793 3572 enchiridio
812 3509 1044 3595 mythographo
1061 3510 1245 3593 Apollodori
1265 3511 1376 3574 biblio-

202 3616 309 3678 thecae
334 3616 429 3679 simili
456 3615 599 3679 hausisse
627 3617 830 3680 manifestum
855 3619 904 3700 sit,
933 3618 1092 3680 existimat
1122 3618 1293 3700 Nasonem,
1322 3640 1376 3680 ne·

201 3743 263 3805 que
286 3723 377 3786 alitor
401 3723 563 3806 Noenum,
593 3723 776 3804 ,utilissima
799 3724 1102 3809 mythographornm
1127 3724 1298 3787 enchiridia
1321 3777 1375 3788 ...

202 3830 259 3894 vix
281 3850 432 3916 umquam
456 3831 631 3914 seposuisse
655 3852 691 3892 ac
714 3852 753 3892 ne
778 3852 893 3915 magno
918 3831 1045 3916 quidem
1068 3839 1161 3915 poeta
1185 3833 1303 3894 auxilio
1328 3855 1376 3894 ar·

201 3937 312 3999 cessito
342 3939 436 4022 plano
459 3939 657 4021 neglexisse“
687 3938 730 4023 (p.
749 3939 814 4020 10).
862 3937 1029 4024 Equidem,
1061 3960 1142 4022 quae
1172 3939 1220 4001 his
1251 3938 1375 4019 addam,

201 4064 302 4128 pauca
325 4049 447 4107 tantum
469 4044 580 4107 habeo.
630 4045 712 4108 Nam
732 4045 953 4108 similitudines
978 4046 1052 4108 illac
1076 4045 1157 4108 inter
1175 4046 1325 4108 Nonnum
1346 4059 1376 4108 et

201 4148 351 4215 Ovidium
376 4152 477 4235 magis
502 4148 703 4214 adornatum
726 4152 917 4215 narrationis
942 4173 1035 4237 quam
1060 4152 1101 4214 ad
1118 4154 1218 4236 ipsam
1235 4150 1376 4214 fabulam

310 4308 341 4377 10)
362 4311 436 4362 Sicut
449 4311 587 4379 Tyrrheni,
608 4313 644 4363 ita
658 4311 694 4362 lV
709 4315 761 4364 5110
775 4311 889 4364 Cadmus
903 4316 929 4363 ct
944 4311 1090 4363 Harmonia
1103 4318 1181 4378 atque
1196 4310 1259 4361 XIV
1274 4312 1326 4360 5111
1341 4326 1374 4361 ss.

201 4396 338 4450 Diomedis
356 4401 420 4450 socii
441 4399 571 4452 sodalium
590 4405 716 4451 mutatam
736 4401 851 4467 speciem
870 4400 1007 4451 mirantur.

309 4487 341 4556 ¹¹)
361 4488 401 4542 De
420 4487 556 4557 Euripidis
577 4488 744 4556 Phoenissis;
764 4489 824 4542 diss.
839 4489 927 4541 Berol.
943 4493 1019 4556 1881,
1040 4507 1064 4556 p.
1078 4491 1094 4540 6
1108 4505 1141 4542 ss,
