3350 5184
687 380 905 441 „23-

210 576 293 651 Quid
317 576 434 662 igitur?
467 598 572 640 nonne
595 577 654 640 hac
669 597 711 640 ex
726 598 760 640 re
783 577 911 661 plenam
933 576 1036 640 lucem
1059 577 1216 661 accipiunt
1232 577 1379 642 Ouidiani

209 686 255 748 illi
279 706 399 768 versus,
424 705 502 770 quos
526 706 622 769 supra
642 684 815 770 adscripsi?
841 683 904 747 Sed
928 691 963 748 ut
984 685 1098 748 melius
1121 685 1302 771 perspicias,
1327 708 1382 750 our

209 792 342 856 Ovidius
363 815 417 856 eos
433 792 599 875 addiderit,
625 794 694 877 lege
718 793 795 856 haec
809 791 996 877 Apollodori
1019 793 1118 856 verba
1132 792 1267 857 Penthei
1291 795 1382 858 fabu-

210 901 259 964 lae
284 900 447 963 subiuncta
479 899 546 981 (III
572 901 643 982 37):
678 898 787 971 ὀεὲξας
808 899 844 962 δὲ
867 897 1019 983 θηβαὲοις
1040 899 1087 962 ὅτι
1112 899 1300 967 deficerem

316 1007 481 1093 Lycurgus
516 1014 621 1071 autom
656 1007 804 1070 scelestus
841 1021 968 1093 praeter
991 1007 1169 1070 Pentheum
1202 1014 1233 1071 et
1263 1012 1382 1093 piratas

210 1117 242 1178 in
270 1118 337 1178 loco
369 1117 423 1178 illo
447 1115 634 1200 Minyadum
665 1113 792 1179 fabulae
823 1116 995 1200 praemisso
1025 1122 1296 1199 commemoratur,
1328 1117 1382 1180 ubi

208 1223 324 1286 Bacchi
350 1226 477 1286 nomina
501 1231 723 1286 enumerantur
748 1224 894 1307 factaque
917 1222 1117 1285 celebrantur
1142 1223 1228 1305 (met.
1244 1223 1294 1288 IV
1314 1225 1381 1307 22).

317 1329 405 1404 Quae
438 1329 575 1415 denique
605 1329 702 1415 Argis
736 1331 820 1394 facta
852 1335 956 1393 essent
989 1328 1123 1394 Ovidius
1157 1338 1279 1394 tantum
1312 1353 1382 1416 per-

210 1439 366 1522 stringens
390 1437 522 1501 Penthei
557 1437 828 1522 obiurgationibus
859 1439 985 1501 inclusit
1008 1437 1077 1520 (III
1102 1439 1165 1500 559
1179 1438 1227 1520 s).
1275 1436 1382 1524 Atque

209 1545 293 1608 idem
317 1552 364 1608 est
392 1546 496 1608 exitus
527 1544 612 1630 apud
635 1545 783 1609 Ovidium
814 1552 908 1630 atque
939 1544 1024 1630 apud
1046 1544 1288 1629 Apollodorum,
1312 1567 1383 1609 cum

209 1659 430 1716 commemoret
449 1659 542 1736 poeta
564 1650 734 1734 Bacchum,
758 1659 924 1738 postquam
947 1652 1067 1738 ubique
1089 1651 1238 1716 adoratus
1263 1655 1303 1716 sit
1319 1653 1383 1734 (IV

210 1761 274 1822 605
289 1760 338 1842 s),
363 1759 628 1822 eaelumtandem
644 1759 789 1823 introisse
806 1759 870 1840 (IV
885 1759 974 1841 614).
1011 1758 1075 1823 Sed
1090 1759 1168 1823 haec
1183 1768 1254 1844 post
1271 1760 1381 1823 Cadmi

209 1867 518 1930 transformationem
535 1865 660 1930 demum
677 1861 809 1930 Ovidius
834 1865 938 1948 affert,
962 1872 997 1929 ut
1013 1867 1178 1929 transitum
1193 1867 1232 1929 ad
1248 1869 1381 1930 alterum

209 1974 300 2038 Joris
323 1973 434 2056 filium,
463 1974 616 2036 Perseum
641 1973 767 2055 scilieet,
797 1980 907 2057 aptum
929 1973 988 2035 sibi
1017 1981 1177 2056 comparet
1201 1973 1254 2054 (of.
1270 1996 1300 2058 p.
1317 1974 1381 2056 17).

208 2082 344 2145 Restant
369 2081 446 2144 Inus
475 2062 728 2144 et'Athamantis
758 2078 843 2161 (met.
859 2079 909 2144 IV
933 2081 1123 2163 lle—562)
1153 2090 1247 2166 atque
1271 2078 1382 2144 Cadmi

209 2196 241 2252 et
255 2188 449 2251 Harmoniae
467 2191 499 2250 in
516 2209 634 2272 angues
651 2187 945 2251 transformatorum
960 2186 1024 2268 (IV
1039 2189 1227 2270 563-603)
1244 2188 1381 2252 fabulae.

209 2296 249 2358 In
264 2296 319 2358 illa
341 2295 501 2358 narranda
517 2294 659 2377 Ovidius,
684 2302 719 2357 ut
735 2315 805 2357 cum
818 2293 963 2378 Vergilio
979 2301 1123 2377 certaret,
1148 2294 1220 2358 Orci
1237 2294 1381 2381 Tisipho-

209 2423 333 2487 naeque
368 2401 608 2487 descriptionem
646 2399 769 2464 addidit
804 2401 867 2482 (IV
892 2401 1097 2483 432-511),
1132 2400 1255 2464 addidit
1288 2404 1383 2465 etiam

209 2510 286 2572 Inus
303 2510 453 2572 comitum
468 2510 673 2572 mutationem
687 2507 749 2590 (IV
763 2510 962 2590 ola-562).
988 2508 1141 2571 Ultimam
1156 2516 1260 2572 autem
1272 2508 1381 2572 (ladini

210 2624 324 2680 sortem
348 2617 512 2703 proferens
527 2614 660 2680 Ovidius
684 2619 799 2680 omissa
823 2615 956 2679 obscura
979 2616 1034 2678 illa
1049 2615 1153 2679 herois
1173 2637 1243 2679 cum
1261 2615 1383 2680 Enche-

210 2723 310 2786 leibus
334 2731 442 2788 contra
464 2724 594 2809 Illyrios
619 2725 733 2787 factam
758 2724 992 2809 expeditionem
1017 2721 1114 2808 (Apd.
1132 2724 1187 2787 HI
1203 2724 1259 2805 39)
1283 2731 1383 2788 artem

210 2851 299 2894 suam
322 2833 354 2894 in
378 2832 478 2916 ipsam
502 2833 706 2895 mutationem
731 2830 964 2916 depingendam
987 2832 1127 2894 contulit.

317 2937 350 3000 81
375 2940 469 3022 igitur
493 2945 576 3002 recte
606 2938 844 3022 disputavimus,
876 2944 1057 3001 contextum
1086 2938 1276 3022 fabularum,
1301 2960 1381 3024 quac

211 3042 249 3108 de
264 3044 393 3130 Europa
408 3044 527 3109 Cadmo
552 3046 681 3130 eiusque
705 3052 797 3130 gente
822 3053 904 3128 sunt,
928 3044 1061 3110 Ovidius
1078 3045 1262 3129 compendio
1279 3046 1381 3130 debet,

209 3153 297 3216 cuius
326 3175 432 3216 rerum
463 3153 604 3216 ordinem
633 3152 673 3215 ad
703 3151 868 3215 libidinem
899 3160 953 3215 aut
985 3155 1124 3218 servavit
1153 3160 1208 3218 aut
1240 3155 1383 3236 mutavit,

209 3280 312 3345 neque
336 3260 429 3323 anxie
453 3261 584 3342 curavit,
613 3266 647 3323 ut
669 3260 858 3323 narrationis
883 3267 971 3323 tenor
994 3260 1111 3346 ubique
1135 3261 1193 3323 sibi
1218 3266 1383 3325 constaret.

209 3367 322 3430 Restat
349 3373 383 3430 ut
411 3367 637 3450 examinemus,
667 3389 742 3430 num
765 3374 931 3452 praeterea
954 3373 1119 3453 poetarum
1146 3369 1285 3431 carmina
1307 3370 1384 3431 asci-

210 3475 301 3555 verit,
325 3496 361 3537 ae
385 3476 409 3536 si
435 3495 515 3560 quae
539 3474 729 3556 adhibuerit,
760 3474 916 3559 quomodo
941 3496 978 3538 ea
1006 3473 1047 3538 ad
1075 3495 1166 3538 usum
1197 3495 1289 3538 suum
1312 3495 1384 3539 con-

211 3582 404 3645 formaverit.

317 3689 366 3752 De
389 3688 551 3751 Penthei
576 3688 687 3751 fabula
709 3687 866 3753 Ouidiana
890 3690 960 3771 (HI
985 3689 1174 3772 orl-733)
1198 3689 1386 3754 G.Knaack

210 3797 356 3880 exposuit
378 3803 504 3881 poetam
528 3796 606 3859 duas
629 3797 836 3878 narrationes,
862 3797 1022 3881 Euripidis
1046 3797 1163 3859 scilieet
1188 3796 1385 3880 tragoediam

211 3909 242 3964 et
264 3900 431 3965 Theocrito
463 3902 547 3988 qued
580 3903 660 3966 falso
694 3902 850 3967 addicitur
883 3903 1035 3988 epyllium
1066 3902 1183 3967 XXVI
1219 3903 1385 3968 artificiose

210 4009 437 4072 contaminasse
466 4009 573 4090 (Anal.
596 4009 798 4074 Alam-Rom.
825 4009 972 4074 Greifsw.
994 4010 1089 4094 1880,
1113 4033 1144 4095 p.
1165 4011 1207 4073 58
1228 4011 1294 4092 ss).
1340 4011 1386 4075 Ut

211 4121 315 4178 autem
338 4123 409 4200 post
431 4113 634 4180 Knaackium
658 4116 697 4178 ad
721 4117 855 4180 Penthei
887 4116 1028 4181 fabulam
1052 4116 1183 4198 adirem,
1214 4120 1313 4181 movit
1335 4140 1386 4181 me

211 4223 352 4308 quaestio
370 4224 547 4308 gravissimi
572 4225 721 4286 momenti
746 4224 854 4287 futura
878 4225 916 4306 ei,
941 4225 995 4308 qui
1020 4223 1059 4286 de
1076 4223 1192 4288 Ovidio
1209 4225 1385 4310 compendii

210 4328 414 4413 mythologici
437 4331 592 4393 imitatore
617 4329 765 4414 disputat.
807 4330 952 4414 Apparet
975 4331 1060 4392 enim
1084 4329 1233 4395 Ovidium
1259 4331 1384 4394 fabulas

210 4457 338 4504 narrare
372 4437 549 4506 notissimas
581 4457 683 4528 neque
713 4458 838 4530 paucas,
872 4457 953 4529 quae
982 4437 1047 4504 iam
1074 4460 1093 4502 a
1120 4436 1247 4526 tragicis
1280 4438 1380 4528 poetis
