3350 5184
785 340 1005 407 ,.46-.

308 539 567 618 oonaarais'rsrne
604 562 644 604 se.
680 539 697 602 ir
743 538 877 628 Θησεύς)
920 542 952 604 in
985 540 1111 605 Cretam
1155 542 1285 604 missurn
1319 538 1481 604 Ariadnae

307 649 427 711 anxilio
451 671 491 712 ox
517 648 695 734 labyrintho
719 649 856 711 evasisse
879 648 1014 731 (11111
1038 647 1222 734 Apd.ep.I
1247 649 1295 730 9);
1321 647 1482 732 inquibus

307 755 387 818 bene
421 763 514 840 poeta
548 757 691 841 congruit
726 775 795 818 eum
830 753 1073 841 mythographo,
1107 756 1166 818 nisi
1200 755 1284 839 quod
1317 757 1421 819 omnia
1450 757 1482 818 ia

306 882 420 945 paucos
445 883 552 926 versus
576 862 686 946 coegit.
712 861 816 925 Distat
839 869 944 925 autem
969 860 1009 925 ab
1024 859 1338 947 Apollodorqquod
1362 858 1479 924 Ariad-

306 989 378 1030 nam
402 989 421 1030 a
444 967 566 1034 Theseo
589 968 709 1054 perfido
733 970 766 1031 in
790 968 885 1032 Naxo
908 969 1010 1031 insula
1034 967 1190 1032 desertam
1214 989 1282 1031 esse
1305 975 1414 1031 narrat
1438 974 1479 1050 ot,

304 1083 338 1138 nt
373 1075 650 1160 metamorphosim
687 1075 807 1158 afferat,
845 1075 998 1140 nonnulla
1036 1075 1075 1138 de
1111 1074 1274 1139 Ariadnae
1307 1095 1423 1138 corona
1462 1097 1480 1138 a

305 1182 428 1246 [iaccho
445 1184 525 1245 inter
539 1188 624 1246 astra
638 1183 738 1245 relata
751 1181 848 1246 addit.
874 1181 992 1246 Contra
1005 1182 1220 1267 Apollodorus
1236 1182 1299 1267 (ep.
1317 1182 1333 1244 I
1351 1183 1385 1264 9)
1409 1204 1481 1246 eam

305 1289 461 1353 aBaccho
485 1310 590 1353 amore
604 1289 729 1352 incenso
753 1296 898 1374 raptam
922 1311 990 1353 csse
1004 1288 1090 1372 dicit,
1115 1288 1199 1374 quod
1223 1289 1388 1374 legebatur
1403 1291 1480 1353 olim

305 1398 336 1460 in
353 1397 547 1482 compendio,
559 1395 596 1479 17)
619 1416 721 1482 neque
747 1396 785 1458 dc
808 1394 1048 1482 xnrctorepequqi
1072 1396 1244 1481 quidquam
1263 1396 1394 1482 profert.
1422 1396 1479 1459 Ni-

304 1505 419 1566 mirum
433 1502 564 1568 Ovidius
579 1525 648 1567 carn
663 1502 791 1566 fabulae
807 1503 941 1566 formam
955 1511 1078 1567 secutus
1092 1508 1148 1587 est,
1166 1524 1246 1587 quae
1263 1511 1329 1566 tum
1344 1503 1477 1587 Romae,

304 1619 373 1694 post
397 1609 513 1673 Catulli
537 1631 663 1674 carmen
687 1611 729 1671 64
754 1612 786 1672 in
809 1610 911 1672 lucem
933 1611 1100 1694 prolatum,
1118 1612 1150 1673 ia
1164 1612 1303 1673 omnium
1328 1630 1382 1673 oro
1406 1632 1477 1675 ver-

305 1718 432 1780 sabatur
456 1738 613 1802 quamque
636 1718 702 1801 ipse
726 1717 940 1801 compluribus
955 1718 1029 1779 loeis
1053 1723 1239 1781 narraverat
1261 1718 1306 1797 (1.
1323 1718 1477 1802 imprimis

303 1824 343 1888 A.
369 1847 396 1887 a.
429 1825 446 1888 I
476 1825 661 1907 sao—564,
690 1833 854 1908 praeterea
882 1824 922 1887 ef.
947 1823 1018 1887 fast.
1044 1827 1075 1906 3,
1107 1825 1168 1887 461
1196 1831 1227 1887 11
1251 1825 1329 1887 Her.
1355 1823 1477 1906 X‚-ubi

302 1930 464 1994 Ariadnae
487 1921 629 1995 desertae
654 1939 782 2016 questus
805 1934 931 2016 copiose
955 1931 1199 2013 deseribuntur).

410 2040 450 2103 In
477 2039 629 2123 proximis
661 2059 735 2102 vero
766 2038 935 2122 singularis
966 2039 1098 2101 occurrit
1129 2058 1300 2102 consensus
1330 2037 1479 2102 Ovidium

305 2148 385 2209 inter
408 2152 439 2208 ct
462 2145 703 2230 Apollodorum.
742 2144 885 2230 Uterque
910 2147 994 2207 enim
1019 2146 1181 2229 coniungit
1204 2144 1348 2228 Daedali,
1359 2143 1397 2227 18)
1425 2146 1479 2230 qui

303 2253 490 2338 genealogia
514 2273 584 2315 eum
611 2252 853 2316 Atheniensium
892 2251 1021 2336 regibus
1059 2252 1206 2315 cohaeret
1232 2253 1275 2333 (v.
1306 2251 1390 2336 Apd.
1423 2252 1478 2315 III

304 2357 441 2442 214),1⁹)
464 2367 495 2423 et
519 2360 598 2422 Icari
626 2357 815 2440 fabulam20)
840 2379 910 2422 oum
934 2360 971 2421 iis
998 2380 1078 2443 quae
1101 2358 1295 2444 praecedunt
1310 2359 1348 2422 de
1364 2358 1479 2422 Thesei

304 2468 336 2527 in
351 2466 476 2529 Cretam
492 2466 576 2529 sacta
590 2465 800 2550 expeditione.
827 2464 891 2528 Sed
907 2466 1009 2550 Aegei
1024 2474 1157 2530 mortem
1171 2464 1269 2550 (Apd.
1285 2487 1333 2549 ep.
1350 2466 1367 2528 I
1385 2465 1424 2527 10
1440 2466 1479 2546 1.)

303 2573 435 2637 Ovidius
458 2575 619 2658 praeterit,
644 2575 723 2636 sicut
748 2593 841 2657 saepe
861 2574 1021 2636 notissima
1039 2573 1177 2637 brevitor
1193 2573 1294 2657 tangit
1309 2572 1361 2636 vel
1383 2573 1478 2657 plane

302 2683 423 2744 omittit.
448 2681 554 2764 Atque
577 2682 691 2743 mirum
716 2688 868 2764 quantum
885 2679 1018 2743 Ovidius
1043 2681 1074 2742 in
1090 2679 1222 2743 Daedali
1250 2679 1474 2743 1111111111)-

303 2788 396 2850 lenda
424 2809 494 2851 cum
521 2787 714 2872 Apollodoro
747 2787 895 2850 concinit:
929 2786 1040 2851 eadem
1068 2787 1166 2872 patris
1195 2787 1281 2849 anxii
1310 2795 1478 2872 praecepta

302 2895 467 2980 utrobique
497 2895 604 2976 habos,
636 2895 808 2979 eodemque
838 2894 931 2957 modo
962 2893 1149 2958 describitur
1181 2894 1264 2956 icari
1299 2892 1477 2956 miserabile

303 3003 403 3064 fatum
419 3001 508 3081 (bibl.
525 3000 584 3085 Ep.
600 3001 631 3064 V
633 3010 673 3064 at.
691 3003 719 3082 1,
738 3002 776 3064 12
794 3024 832 3083 s.;
857 3008 930 3064 met.
946 3001 1034 3063 VIII
1058 3001 1123 3064 203
1138 3025 1189 3084 ss,
1215 3001 1359 3082 22311),
1386 3000 1477 3073 Quod

302 3118 406 3172 autem
431 3109 562 3172 Ovidius
587 3109 651 3172 234
676 3131 699 3171 s.
726 3107 823 3190 addit,
849 3108 1027 3171 Daedalum
1042 3109 1124 3170 Icari
1148 3129 1260 3193 eorpus
1285 3108 1476 3192 sepelivisse,

301 3215 385 3300 apud
413 3215 643 3300 Apollodorum
672 3235 734 3277 non
764 3215 889 3298 legitur,
919 3214 974 3276 sed
1002 3214 1158 3278 Hercules
1188 3215 1229 3277 ibi
1260 3213 1319 3276 hoc
1347 3235 1476 3276 munere

411 3356 737 3430 17)Ε.Β11111,(11111111.
758 3355 836 3408 Diod.
856 3372 881 3423 p.
903 3358 935 3407 63
957 3362 983 3407 et
1002 3363 1092 3408 annot.

409 3446 440 3514 18)
460 3447 558 3500 Micols
572 3447 599 3498 in
612 3444 758 3498 Daedalum
773 3447 827 3497 irae
841 3443 960 3497 diversae
973 3462 989 3497 a
1001 3445 1200 3514 mythographis
1214 3446 1360 3498 afferuntur
1373 3461 1475 3510 11111111,

301 3539 391 3602 altera,
411 3534 481 3602 quod
501 3534 635 3588 Daedalus
654 3535 801 3602 Pasiphaae
821 3550 927 3586 vaccam
951 3536 1127 3587 construxerit
1151 3534 1242 3602 (Diod.
1262 3538 1288 3598 4,
1308 3538 1349 3586 77.
1376 3535 1475 3587 Zenob.

301 3626 337 3678 IV
352 3629 393 3678 92.
408 3627 475 3695 Hyg.
490 3625 506 3676 l'.
521 3630 568 3692 403
583 3624 671 3678 Schol.
685 3625 762 3677 Hom.
779 3627 802 3674 B
817 3627 887 3691 115),
901 3625 992 3688 altera,
1006 3623 1076 3691 quod
1090 3624 1187 3676 Thesei
1201 3630 1228 3676 et
1240 3622 1373 3676 Ariadnae
1389 3622 1476 3690 lugam

300 3715 465 3783 expediverit
484 3714 565 3782 (Apd.
579 3713 640 3766 bibl.
660 3729 700 3782 ep.
717 3718 739 3780 l,
761 3717 805 3780 12;
826 3713 860 3766 11.
875 3712 965 3766 Schol.
979 3714 1056 3766 Hom.
1071 3716 1095 3763 Σ
1113 3716 1184 3780 590).
1205 3713 1350 3780 Utramque
1371 3712 1475 3764 fabulae

300 3807 410 3858 termam
430 3806 455 3855 iu
475 3803 651 3856 bibliothecae
666 3802 738 3855 sonte
757 3803 887 3855 exstitisse
907 3802 939 3854 Ε.
955 3801 1037 3854 Bothe
1057 3800 1172 3855 ostendit
1191 3801 1208 3853 l.
1221 3802 1237 3853 l.
1252 3818 1277 3868 p.
1293 3803 1335 3853 64.
1365 3800 1475 3854 Ovidius

301 3895 372 3946 illam
391 3893 569 3946 narrationem
588 3898 693 3944 secutus
708 3898 753 3958 est,
773 3906 841 3956 quae
860 3890 974 3944 Daedali
992 3890 1109 3944 fabulam
1128 3907 1187 3943 cum
1201 3891 1298 3942 Thesei
1318 3890 1395 3942 rebus
1415 3905 1475 3942 eoo·

300 3984 393 4047 lunxit,
413 3983 523 4048 etiamsi,
543 3997 590 4034 eur
609 3982 697 4034 Minos
717 3979 836 4033 Daedalo
856 3981 1044 4046 succensuerit,
1063 3996 1114 4033 non
1135 3979 1207 4032 dicit.

409 4072 440 4139 ¹⁰)
461 4072 500 4124 De
521 4071 633 4124 Daedali
653 4073 733 4138 stirpe
753 4087 776 4122 v.
790 4070 923 4137 Toepffer,
942 4076 988 4122 att.
1003 4071 1111 4123 Geneal.
1126 4087 1150 4137 p.
1167 4072 1265 4122 16511.

407 4161 440 4230 2⁰)
460 4161 621 4215 Callimacho
642 4158 765 4214 Ovidium
785 4175 860 4212 asum
880 4175 936 4211 esse
956 4157 1148 4212 contenderunt
1168 4159 1270 4211 Plaehn
1284 4159 1312 4222 (l.
1327 4160 1343 4209 l.
1357 4177 1380 4226 p.
1398 4159 1474 4225 191.)

300 4260 326 4305 11
339 4252 455 4320 Wagner
469 4251 566 4318 (Carae
579 4249 708 4318 mythogr.
722 4267 747 4316 p.
763 4247 825 4315 132)
839 4248 933 4301 scholii
947 4248 1025 4301 Hom.
1040 4251 1145 4318 Burro:
1161 4251 1270 4316 „irrepat
1291 4250 1478 4314 Φιλοστέφανος

300 4347 338 4394 καὶ
357 4345 528 4404 Καλλίμαχος
543 4341 568 4390 ἑν
588 4339 704 4390 Atrior:“
726 4339 918 4405 subscriptione
943 4339 1001 4402 nisi,
1028 4339 1071 4390 cui
1097 4339 1196 4390 nullam
1222 4335 1299 4389 fidem
1325 4335 1474 4389 habendam

300 4445 355 4488 esse
374 4429 407 4484 E.
422 4428 554 4484 Schwartz
567 4428 755 4482 demonstrarit
768 4429 794 4480 in
808 4428 937 4480 Fleckeis.
951 4429 1047 4481 Annal.
1064 4431 1139 4495 1881,
1154 4427 1245 4496 Suppl.
1261 4425 1321 4491 XII,
1335 4442 1361 4493 p.
1376 4428 1427 4478 405
1440 4440 1473 4480 ss.
