<?xml version="1.0" encoding="UTF-8"?>
<!DOCTYPE html PUBLIC "-//W3C//DTD XHTML 1.0 Transitional//EN"
    "http://www.w3.org/TR/xhtml1/DTD/xhtml1-transitional.dtd">
<html xmlns="http://www.w3.org/1999/xhtml" xml:lang="en" lang="en">
 <head>
  <title>
</title>
<meta http-equiv="Content-Type" content="text/html;charset=utf-8" />
  <meta name='ocr-system' content='tesseract 3.04.00' />
  <meta name='ocr-capabilities' content='ocr_page ocr_carea ocr_par ocr_line ocrx_word'/>
</head>
<body>
  <div class='ocr_page' id='page_1' title='image "./ovidiusquaratio01kiengoog_0061.png"; bbox 0 0 3350 5184; ppageno 0'>
   <div class='ocr_carea' id='block_1_1' title="bbox 718 357 937 418">
    <p class='ocr_par' dir='ltr' id='par_1_1' title="bbox 718 357 937 418">
     <span class='ocr_line' id='line_1_1' title="bbox 718 357 937 418; baseline 0 -16"><span class='ocrx_word' id='word_1_1' title='bbox 718 357 937 418; x_wconf 61' lang='lat'>„57-</span> 
     </span>
    </p>
   </div>
   <div class='ocr_carea' id='block_1_2' title="bbox 157 551 1415 3105">
    <p class='ocr_par' dir='ltr' id='par_1_2' title="bbox 238 551 1415 1074">
     <span class='ocr_line' id='line_1_2' title="bbox 348 551 1415 641; baseline -0.001 -24"><span class='ocrx_word' id='word_1_2' title='bbox 348 551 432 640; x_wconf 88' lang='lat' dir='ltr'>Apd.</span> <span class='ocrx_word' id='word_1_3' title='bbox 452 553 499 636; x_wconf 88' lang='lat' dir='ltr'>II,</span> <span class='ocrx_word' id='word_1_4' title='bbox 523 553 585 616; x_wconf 87' lang='grc'>159</span> <span class='ocrx_word' id='word_1_5' title='bbox 606 573 644 616; x_wconf 81' lang='lat' dir='ltr'>s:</span> <span class='ocrx_word' id='word_1_6' title='bbox 678 603 704 634; x_wconf 85' lang='lat'>„.</span> <span class='ocrx_word' id='word_1_7' title='bbox 721 603 751 616; x_wconf 94' lang='lat'>..</span> <span class='ocrx_word' id='word_1_8' title='bbox 780 553 1036 640; x_wconf 60' lang='grc' dir='ltr'><em>παραγενῆοενος</em></span> <span class='ocrx_word' id='word_1_9' title='bbox 1057 554 1111 636; x_wconf 83' lang='lat' dir='ltr'>(sc.</span> <span class='ocrx_word' id='word_1_10' title='bbox 1133 554 1151 617; x_wconf 85' lang='grc' dir='ltr'><strong>ὀ</strong></span> <span class='ocrx_word' id='word_1_11' title='bbox 1175 551 1342 641; x_wconf 77' lang='grc' dir='ltr'>Ἡρακλῆς)</span> <span class='ocrx_word' id='word_1_12' title='bbox 1366 553 1415 624; x_wconf 73' lang='grc' dir='ltr'>εἰς</span> 
     </span>
     <span class='ocr_line' id='line_1_3' title="bbox 244 658 1411 748; baseline 0 -25"><span class='ocrx_word' id='word_1_13' title='bbox 244 658 334 748; x_wconf 66' lang='grc' dir='ltr'><em>Οἴτην</em></span> <span class='ocrx_word' id='word_1_14' title='bbox 358 661 444 748; x_wconf 82' lang='grc' dir='ltr'><em>ὄρος,</em></span> <span class='ocrx_word' id='word_1_15' title='bbox 545 662 608 723; x_wconf 78' lang='grc' dir='ltr'><em>ἐκεῖ</em></span> <span class='ocrx_word' id='word_1_16' title='bbox 630 660 733 746; x_wconf 81' lang='grc' dir='ltr'><em>πυρὰν</em></span> <span class='ocrx_word' id='word_1_17' title='bbox 761 662 899 748; x_wconf 75' lang='grc' dir='ltr'><em>ποιήσας</em></span> <span class='ocrx_word' id='word_1_18' title='bbox 925 662 1084 725; x_wconf 81' lang='grc' dir='ltr'><em>ἐκέλευσεν</em></span> <span class='ocrx_word' id='word_1_19' title='bbox 1107 662 1225 746; x_wconf 76' lang='grc' dir='ltr'><em>ἐπιβὰς</em></span> <span class='ocrx_word' id='word_1_20' title='bbox 1247 661 1411 748; x_wconf 59' lang='grc' dir='ltr'><em>ὑφάπτειν.</em></span> 
     </span>
     <span class='ocr_line' id='line_1_4' title="bbox 238 767 1412 855; baseline 0 -23"><span class='ocrx_word' id='word_1_21' title='bbox 238 769 377 855; x_wconf 76' lang='grc' dir='ltr'><em>μηθενὸς</em></span> <span class='ocrx_word' id='word_1_22' title='bbox 399 769 434 833; x_wconf 78' lang='grc' dir='ltr'>δὲ</span> <span class='ocrx_word' id='word_1_23' title='bbox 457 771 551 832; x_wconf 80' lang='grc' dir='ltr'><em>τοῦτο</em></span> <span class='ocrx_word' id='word_1_24' title='bbox 574 767 724 854; x_wconf 77' lang='grc' dir='ltr'><em>πράττειν</em></span> <span class='ocrx_word' id='word_1_25' title='bbox 753 768 931 843; x_wconf 70' lang='grc' dir='ltr'><em>ἐθέλοντος,</em></span> <span class='ocrx_word' id='word_1_26' title='bbox 956 767 1062 838; x_wconf 81' lang='grc' dir='ltr'><em>ΙΙοέας</em></span> <span class='ocrx_word' id='word_1_27' title='bbox 1083 769 1190 851; x_wconf 85' lang='lat' dir='ltr'>(Diod.</span> <span class='ocrx_word' id='word_1_28' title='bbox 1205 771 1226 834; x_wconf 88' lang='lat'>1.</span> <span class='ocrx_word' id='word_1_29' title='bbox 1244 772 1280 834; x_wconf 91' lang='lat' dir='ltr'>l.:</span> <span class='ocrx_word' id='word_1_30' title='bbox 1306 771 1412 832; x_wconf 78' lang='grc' dir='ltr'><em>Φιλοκ-</em></span> 
     </span>
     <span class='ocr_line' id='line_1_5' title="bbox 241 877 1413 964; baseline -0.003 -21"><span class='ocrx_word' id='word_1_31' title='bbox 241 877 343 964; x_wconf 68' lang='grc' dir='ltr'>τήτης,</span> <span class='ocrx_word' id='word_1_32' title='bbox 368 878 455 963; x_wconf 84' lang='lat' dir='ltr'>Hyg.</span> <span class='ocrx_word' id='word_1_33' title='bbox 471 878 492 941; x_wconf 93' lang='lat' dir='ltr'>l.</span> <span class='ocrx_word' id='word_1_34' title='bbox 511 879 546 941; x_wconf 93' lang='lat' dir='ltr'>l.:</span> <span class='ocrx_word' id='word_1_35' title='bbox 571 877 762 940; x_wconf 75' lang='lat' dir='ltr'>Philoctetes</span> <span class='ocrx_word' id='word_1_36' title='bbox 777 877 925 940; x_wconf 85' lang='lat' dir='ltr'>Poeantis</span> <span class='ocrx_word' id='word_1_37' title='bbox 940 877 1037 959; x_wconf 86' lang='lat' dir='ltr'>filius)</span> <span class='ocrx_word' id='word_1_38' title='bbox 1054 877 1175 964; x_wconf 79' lang='grc' dir='ltr'><em>παριὼν</em></span> <span class='ocrx_word' id='word_1_39' title='bbox 1190 877 1270 939; x_wconf 82' lang='grc' dir='ltr'><em>κατὰ</em></span> <span class='ocrx_word' id='word_1_40' title='bbox 1288 877 1413 964; x_wconf 70' lang='grc' dir='ltr'><em>ζήτησιν</em></span> 
     </span>
     <span class='ocr_line' id='line_1_6' title="bbox 240 981 1306 1074; baseline 0 -28"><span class='ocrx_word' id='word_1_41' title='bbox 240 983 390 1074; x_wconf 73' lang='grc' dir='ltr'><em>ποιμνίων</em></span> <span class='ocrx_word' id='word_1_42' title='bbox 415 983 531 1071; x_wconf 55' lang='grc' dir='ltr'>ὑφῆψε.</span> <span class='ocrx_word' id='word_1_43' title='bbox 556 982 733 1070; x_wconf 76' lang='grc' dir='ltr'><em>τούτῳκαὶ</em></span> <span class='ocrx_word' id='word_1_44' title='bbox 757 983 796 1046; x_wconf 80' lang='grc' dir='ltr'>τὰ</span> <span class='ocrx_word' id='word_1_45' title='bbox 818 983 896 1055; x_wconf 75' lang='grc' dir='ltr'>τόξα</span> <span class='ocrx_word' id='word_1_46' title='bbox 920 984 1101 1070; x_wconf 74' lang='grc' dir='ltr'><em>ἐδωρήσατο</em></span> <span class='ocrx_word' id='word_1_47' title='bbox 1124 981 1306 1071; x_wconf 72' lang='grc' dir='ltr'><em>Ἡρακλῆς.“</em></span> 
     </span>
    </p>

    <p class='ocr_par' dir='ltr' id='par_1_3' title="bbox 239 1091 1413 1712">
     <span class='ocr_line' id='line_1_7' title="bbox 347 1091 1411 1176; baseline 0 -20"><span class='ocrx_word' id='word_1_48' title='bbox 347 1091 554 1156; x_wconf 89' lang='lat' dir='ltr'>Uberioribus</span> <span class='ocrx_word' id='word_1_49' title='bbox 578 1113 685 1155; x_wconf 87' lang='lat' dir='ltr'>rursus</span> <span class='ocrx_word' id='word_1_50' title='bbox 709 1097 862 1155; x_wconf 83' lang='lat' dir='ltr'>exornata</span> <span class='ocrx_word' id='word_1_51' title='bbox 886 1097 933 1154; x_wconf 89' lang='lat' dir='ltr'>est</span> <span class='ocrx_word' id='word_1_52' title='bbox 956 1092 1111 1155; x_wconf 88' lang='lat' dir='ltr'>coloribus</span> <span class='ocrx_word' id='word_1_53' title='bbox 1127 1113 1208 1176; x_wconf 89' lang='lat' dir='ltr'>quae</span> <span class='ocrx_word' id='word_1_54' title='bbox 1224 1093 1366 1176; x_wconf 92' lang='lat' dir='ltr'>sequitur</span> <span class='ocrx_word' id='word_1_55' title='bbox 1381 1116 1411 1156; x_wconf 84' lang='lat' dir='ltr'>v.</span> 
     </span>
     <span class='ocr_line' id='line_1_8' title="bbox 241 1198 1412 1284; baseline -0.002 -21"><span class='ocrx_word' id='word_1_56' title='bbox 241 1201 304 1263; x_wconf 86' lang='grc'>239</span> <span class='ocrx_word' id='word_1_57' title='bbox 320 1222 359 1263; x_wconf 88' lang='lat' dir='ltr'>ss.</span> <span class='ocrx_word' id='word_1_58' title='bbox 384 1200 522 1262; x_wconf 87' lang='lat' dir='ltr'>narratio</span> <span class='ocrx_word' id='word_1_59' title='bbox 547 1199 586 1262; x_wconf 88' lang='lat' dir='ltr'>de</span> <span class='ocrx_word' id='word_1_60' title='bbox 601 1200 741 1262; x_wconf 78' lang='lat' dir='ltr'>Hercule</span> <span class='ocrx_word' id='word_1_61' title='bbox 765 1201 798 1262; x_wconf 93' lang='lat' dir='ltr'>in</span> <span class='ocrx_word' id='word_1_62' title='bbox 821 1199 952 1262; x_wconf 90' lang='lat' dir='ltr'>deorum</span> <span class='ocrx_word' id='word_1_63' title='bbox 965 1219 1096 1262; x_wconf 91' lang='lat' dir='ltr'>numero</span> <span class='ocrx_word' id='word_1_64' title='bbox 1113 1201 1272 1283; x_wconf 77' lang='lat' dir='ltr'>collocato,</span> <span class='ocrx_word' id='word_1_65' title='bbox 1297 1198 1412 1284; x_wconf 91' lang='lat' dir='ltr'>quibus</span> 
     </span>
     <span class='ocr_line' id='line_1_9' title="bbox 240 1306 1412 1392; baseline 0 -22"><span class='ocrx_word' id='word_1_66' title='bbox 240 1309 273 1370; x_wconf 95' lang='lat' dir='ltr'>in</span> <span class='ocrx_word' id='word_1_67' title='bbox 296 1307 438 1372; x_wconf 86' lang='lat' dir='ltr'>versibus</span> <span class='ocrx_word' id='word_1_68' title='bbox 461 1328 589 1392; x_wconf 90' lang='lat' dir='ltr'>prorsus</span> <span class='ocrx_word' id='word_1_69' title='bbox 613 1327 763 1392; x_wconf 86' lang='lat' dir='ltr'>expressa</span> <span class='ocrx_word' id='word_1_70' title='bbox 787 1313 834 1370; x_wconf 90' lang='lat' dir='ltr'>est</span> <span class='ocrx_word' id='word_1_71' title='bbox 857 1307 995 1370; x_wconf 88' lang='lat' dir='ltr'>oratoria</span> <span class='ocrx_word' id='word_1_72' title='bbox 1018 1306 1074 1370; x_wconf 89' lang='lat' dir='ltr'>illa</span> <span class='ocrx_word' id='word_1_73' title='bbox 1088 1307 1190 1370; x_wconf 84' lang='lat' dir='ltr'>ferma</span> <span class='ocrx_word' id='word_1_74' title='bbox 1204 1307 1317 1371; x_wconf 84' lang='lat' dir='ltr'>Ovidio</span> <span class='ocrx_word' id='word_1_75' title='bbox 1340 1329 1412 1392; x_wconf 92' lang='lat' dir='ltr'>pro-</span> 
     </span>
     <span class='ocr_line' id='line_1_10' title="bbox 239 1414 1413 1500; baseline 0 -23"><span class='ocrx_word' id='word_1_76' title='bbox 239 1417 318 1500; x_wconf 90' lang='lat' dir='ltr'>pria.</span> <span class='ocrx_word' id='word_1_77' title='bbox 344 1415 407 1479; x_wconf 79' lang='lat' dir='ltr'>Sed</span> <span class='ocrx_word' id='word_1_78' title='bbox 431 1422 503 1500; x_wconf 89' lang='lat' dir='ltr'>apte</span> <span class='ocrx_word' id='word_1_79' title='bbox 526 1435 634 1477; x_wconf 88' lang='lat' dir='ltr'>rursus</span> <span class='ocrx_word' id='word_1_80' title='bbox 658 1419 885 1500; x_wconf 77' lang='lat' dir='ltr'>componantur</span> <span class='ocrx_word' id='word_1_81' title='bbox 901 1414 1106 1499; x_wconf 79' lang='lat' dir='ltr'>simpliciores</span> <span class='ocrx_word' id='word_1_82' title='bbox 1129 1415 1279 1498; x_wconf 82' lang='lat' dir='ltr'>postremi</span> <span class='ocrx_word' id='word_1_83' title='bbox 1303 1435 1413 1478; x_wconf 84' lang='lat' dir='ltr'>versus</span> 
     </span>
     <span class='ocr_line' id='line_1_11' title="bbox 240 1518 1413 1606; baseline -0.001 -21"><span class='ocrx_word' id='word_1_84' title='bbox 240 1543 310 1586; x_wconf 90' lang='lat' dir='ltr'>cum</span> <span class='ocrx_word' id='word_1_85' title='bbox 340 1524 387 1603; x_wconf 87' lang='lat' dir='ltr'>iis,</span> <span class='ocrx_word' id='word_1_86' title='bbox 419 1543 500 1606; x_wconf 90' lang='lat' dir='ltr'>quae</span> <span class='ocrx_word' id='word_1_87' title='bbox 531 1521 570 1584; x_wconf 90' lang='lat' dir='ltr'>de</span> <span class='ocrx_word' id='word_1_88' title='bbox 600 1521 711 1585; x_wconf 87' lang='lat' dir='ltr'>eadem</span> <span class='ocrx_word' id='word_1_89' title='bbox 741 1543 775 1584; x_wconf 88' lang='lat' dir='ltr'>re</span> <span class='ocrx_word' id='word_1_90' title='bbox 798 1519 1014 1606; x_wconf 85' lang='lat' dir='ltr'>Apollodorus</span> <span class='ocrx_word' id='word_1_91' title='bbox 1046 1527 1077 1584; x_wconf 92' lang='lat' dir='ltr'>ct</span> <span class='ocrx_word' id='word_1_92' title='bbox 1099 1518 1257 1584; x_wconf 88' lang='lat' dir='ltr'>Diodorus</span> <span class='ocrx_word' id='word_1_93' title='bbox 1284 1521 1413 1585; x_wconf 90' lang='lat' dir='ltr'>tradunt</span> 
     </span>
     <span class='ocr_line' id='line_1_12' title="bbox 241 1629 724 1712; baseline -0.006 -20"><span class='ocrx_word' id='word_1_94' title='bbox 241 1630 358 1712; x_wconf 85' lang='lat' dir='ltr'>(llll).</span> <span class='ocrx_word' id='word_1_95' title='bbox 383 1629 457 1692; x_wconf 87' lang='lat' dir='ltr'>Met.</span> <span class='ocrx_word' id='word_1_96' title='bbox 474 1629 526 1692; x_wconf 90' lang='lat' dir='ltr'>IX</span> <span class='ocrx_word' id='word_1_97' title='bbox 549 1629 610 1692; x_wconf 80' lang='grc'>271</span> <span class='ocrx_word' id='word_1_98' title='bbox 634 1651 673 1692; x_wconf 88' lang='lat' dir='ltr'>s.:</span> <span class='ocrx_word' id='word_1_99' title='bbox 721 1683 724 1689; x_wconf 94' lang='lat'><em>.</em></span> 
     </span>
    </p>

    <p class='ocr_par' dir='ltr' id='par_1_4' title="bbox 241 1736 1412 1930">
     <span class='ocr_line' id='line_1_13' title="bbox 245 1736 1412 1822; baseline -0.002 -22"><span class='ocrx_word' id='word_1_100' title='bbox 245 1759 356 1822; x_wconf 84' lang='lat' dir='ltr'>„quem</span> <span class='ocrx_word' id='word_1_101' title='bbox 371 1738 424 1818; x_wconf 87' lang='lat' dir='ltr'>(sc.</span> <span class='ocrx_word' id='word_1_102' title='bbox 436 1736 650 1822; x_wconf 84' lang='lat' dir='ltr'>Tirynthium)</span> <span class='ocrx_word' id='word_1_103' title='bbox 663 1743 754 1822; x_wconf 87' lang='lat' dir='ltr'>pater</span> <span class='ocrx_word' id='word_1_104' title='bbox 766 1738 962 1822; x_wconf 87' lang='lat' dir='ltr'>omnipotens</span> <span class='ocrx_word' id='word_1_105' title='bbox 976 1737 1058 1800; x_wconf 90' lang='lat' dir='ltr'>iuter</span> <span class='ocrx_word' id='word_1_106' title='bbox 1071 1757 1150 1801; x_wconf 82' lang='lat' dir='ltr'>cava</span> <span class='ocrx_word' id='word_1_107' title='bbox 1164 1736 1274 1799; x_wconf 89' lang='lat' dir='ltr'>nubila</span> <span class='ocrx_word' id='word_1_108' title='bbox 1286 1741 1412 1822; x_wconf 90' lang='lat' dir='ltr'>raptum</span> 
     </span>
     <span class='ocr_line' id='line_1_14' title="bbox 241 1841 1090 1930; baseline 0 -24"><span class='ocrx_word' id='word_1_109' title='bbox 241 1843 428 1930; x_wconf 87' lang='lat' dir='ltr'>quadriiugo</span> <span class='ocrx_word' id='word_1_110' title='bbox 451 1864 545 1906; x_wconf 90' lang='lat' dir='ltr'>curru</span> <span class='ocrx_word' id='word_1_111' title='bbox 569 1842 765 1907; x_wconf 88' lang='lat' dir='ltr'>radiantibus</span> <span class='ocrx_word' id='word_1_112' title='bbox 789 1845 894 1907; x_wconf 90' lang='lat' dir='ltr'>intulit</span> <span class='ocrx_word' id='word_1_113' title='bbox 917 1844 1038 1907; x_wconf 83' lang='lat' dir='ltr'>astris.“</span> <span class='ocrx_word' id='word_1_114' title='bbox 1053 1841 1090 1926; x_wconf 71' lang='grc'>14)</span> 
     </span>
    </p>

    <p class='ocr_par' dir='ltr' id='par_1_5' title="bbox 157 1949 1413 2460">
     <span class='ocr_line' id='line_1_15' title="bbox 345 1949 1413 2037; baseline 0 -24"><span class='ocrx_word' id='word_1_115' title='bbox 345 1949 429 2036; x_wconf 84' lang='lat' dir='ltr'>Apd.</span> <span class='ocrx_word' id='word_1_116' title='bbox 452 1951 488 2013; x_wconf 90' lang='grc' dir='ltr'>ΙΙ</span> <span class='ocrx_word' id='word_1_117' title='bbox 519 1951 595 2014; x_wconf 84' lang='lat'>160:</span> <span class='ocrx_word' id='word_1_118' title='bbox 636 1951 822 2037; x_wconf 50' lang='grc' dir='ltr'>7,ναι(&gt;,.ι.ν.ε’νης</span> <span class='ocrx_word' id='word_1_119' title='bbox 857 1951 892 2014; x_wconf 79' lang='grc' dir='ltr'>δὲ</span> <span class='ocrx_word' id='word_1_120' title='bbox 927 1954 987 2037; x_wconf 78' lang='grc' dir='ltr'>τῆς</span> <span class='ocrx_word' id='word_1_121' title='bbox 1018 1954 1124 2036; x_wconf 80' lang='grc' dir='ltr'><em>πυρᾶς</em></span> <span class='ocrx_word' id='word_1_122' title='bbox 1156 1951 1277 2029; x_wconf 68' lang='grc' dir='ltr'>λέγεται</span> <span class='ocrx_word' id='word_1_123' title='bbox 1313 1951 1413 2037; x_wconf 67' lang='grc' dir='ltr'><em>νέφος</em></span> 
     </span>
     <span class='ocr_line' id='line_1_16' title="bbox 240 2056 1412 2144; baseline 0.002 -26"><span class='ocrx_word' id='word_1_124' title='bbox 240 2056 376 2120; x_wconf 77' lang='grc' dir='ltr'><em>ὑποστὰν</em></span> <span class='ocrx_word' id='word_1_125' title='bbox 397 2057 478 2142; x_wconf 82' lang='grc' dir='ltr'><em>μετὰ</em></span> <span class='ocrx_word' id='word_1_126' title='bbox 500 2057 640 2144; x_wconf 75' lang='grc' dir='ltr'><em>βροντῆς</em></span> <span class='ocrx_word' id='word_1_127' title='bbox 659 2058 756 2120; x_wconf 74' lang='grc' dir='ltr'><em>αὐτὸν</em></span> <span class='ocrx_word' id='word_1_128' title='bbox 779 2057 829 2125; x_wconf 75' lang='grc' dir='ltr'>εἰς</span> <span class='ocrx_word' id='word_1_129' title='bbox 849 2059 984 2144; x_wconf 74' lang='grc' dir='ltr'><em>οὐρανὸν</em></span> <span class='ocrx_word' id='word_1_130' title='bbox 1008 2058 1200 2144; x_wconf 50' lang='grc' dir='ltr'><em>ἀναπέμψαι.</em></span> <span class='ocrx_word' id='word_1_131' title='bbox 1232 2056 1354 2120; x_wconf 76' lang='grc' dir='ltr'><em>ἐκεῖθεν</em></span> <span class='ocrx_word' id='word_1_132' title='bbox 1377 2058 1412 2120; x_wconf 74' lang='grc' dir='ltr'>δὲ</span> 
     </span>
     <span class='ocr_line' id='line_1_17' title="bbox 239 2161 1412 2250; baseline 0 -23"><span class='ocrx_word' id='word_1_133' title='bbox 239 2164 345 2249; x_wconf 79' lang='grc' dir='ltr'><em>τυχὼν</em></span> <span class='ocrx_word' id='word_1_134' title='bbox 379 2162 562 2232; x_wconf 73' lang='grc' dir='ltr'><em>ἀθανασίας</em></span> <span class='ocrx_word' id='word_1_135' title='bbox 592 2164 645 2246; x_wconf 81' lang='lat' dir='ltr'>(ct.</span> <span class='ocrx_word' id='word_1_136' title='bbox 670 2171 742 2228; x_wconf 89' lang='lat' dir='ltr'>met.</span> <span class='ocrx_word' id='word_1_137' title='bbox 768 2165 819 2228; x_wconf 88' lang='lat' dir='ltr'>IX</span> <span class='ocrx_word' id='word_1_138' title='bbox 852 2165 917 2229; x_wconf 91' lang='grc'>250</span> <span class='ocrx_word' id='word_1_139' title='bbox 948 2167 1002 2248; x_wconf 86' lang='lat' dir='ltr'>ss.)</span> <span class='ocrx_word' id='word_1_140' title='bbox 1036 2164 1086 2228; x_wconf 78' lang='grc' dir='ltr'>καὶ</span> <span class='ocrx_word' id='word_1_141' title='bbox 1120 2164 1300 2242; x_wconf 62' lang='lat' dir='ltr'>beatiorsi&lt;</span> <span class='ocrx_word' id='word_1_142' title='bbox 1321 2161 1412 2250; x_wconf 78' lang='grc' dir='ltr'>Ἥρᾳ</span> 
     </span>
     <span class='ocr_line' id='line_1_18' title="bbox 240 2270 1410 2360; baseline 0.001 -26"><span class='ocrx_word' id='word_1_143' title='bbox 240 2271 292 2353; x_wconf 83' lang='lat' dir='ltr'>(cf.</span> <span class='ocrx_word' id='word_1_144' title='bbox 306 2277 379 2335; x_wconf 93' lang='lat' dir='ltr'>met.</span> <span class='ocrx_word' id='word_1_145' title='bbox 397 2271 449 2334; x_wconf 88' lang='lat' dir='ltr'>IX</span> <span class='ocrx_word' id='word_1_146' title='bbox 473 2273 537 2336; x_wconf 86' lang='grc'>259</span> <span class='ocrx_word' id='word_1_147' title='bbox 554 2272 591 2355; x_wconf 83' lang='lat' dir='ltr'>s.)</span> <span class='ocrx_word' id='word_1_148' title='bbox 617 2271 672 2356; x_wconf 74' lang='grc' dir='ltr'>τὴν</span> <span class='ocrx_word' id='word_1_149' title='bbox 689 2270 811 2360; x_wconf 58' lang='grc' dir='ltr'><em>ἐκείνας</em></span> <span class='ocrx_word' id='word_1_150' title='bbox 823 2271 987 2358; x_wconf 65' lang='grc' dir='ltr'><em>θυγατέρα</em></span> <span class='ocrx_word' id='word_1_151' title='bbox 1003 2270 1112 2360; x_wconf 68' lang='grc' dir='ltr'><em>Ἥβην</em></span> <span class='ocrx_word' id='word_1_152' title='bbox 1136 2274 1249 2359; x_wconf 71' lang='grc' dir='ltr'><em>ἔγημεν</em></span> <span class='ocrx_word' id='word_1_153' title='bbox 1269 2273 1322 2353; x_wconf 86' lang='lat' dir='ltr'>(cf.</span> <span class='ocrx_word' id='word_1_154' title='bbox 1337 2277 1410 2335; x_wconf 90' lang='lat' dir='ltr'>met.</span> 
     </span>
     <span class='ocr_line' id='line_1_19' title="bbox 157 2378 1286 2460; baseline 0.001 -19"><span class='ocrx_word' id='word_1_155' title='bbox 157 2413 158 2418; x_wconf 18' lang='grc' dir='ltr'><strong>κ</strong></span> <span class='ocrx_word' id='word_1_156' title='bbox 238 2378 289 2441; x_wconf 86' lang='lat' dir='ltr'>IX</span> <span class='ocrx_word' id='word_1_157' title='bbox 313 2379 421 2460; x_wconf 77' lang='lat'>400).“</span> <span class='ocrx_word' id='word_1_158' title='bbox 449 2379 599 2441; x_wconf 83' lang='lat' dir='ltr'>Similiter</span> <span class='ocrx_word' id='word_1_159' title='bbox 622 2400 689 2442; x_wconf 91' lang='lat' dir='ltr'>rem</span> <span class='ocrx_word' id='word_1_160' title='bbox 711 2387 819 2442; x_wconf 89' lang='lat' dir='ltr'>narrat</span> <span class='ocrx_word' id='word_1_161' title='bbox 843 2378 1000 2443; x_wconf 87' lang='lat' dir='ltr'>Diodorus</span> <span class='ocrx_word' id='word_1_162' title='bbox 1024 2383 1056 2442; x_wconf 96' lang='lat' dir='ltr'>in</span> <span class='ocrx_word' id='word_1_163' title='bbox 1081 2383 1100 2442; x_wconf 94' lang='lat' dir='ltr'>l.</span> <span class='ocrx_word' id='word_1_164' title='bbox 1118 2379 1170 2443; x_wconf 88' lang='lat' dir='ltr'>IX</span> <span class='ocrx_word' id='word_1_165' title='bbox 1193 2400 1218 2443; x_wconf 91' lang='lat' dir='ltr'>c.</span> <span class='ocrx_word' id='word_1_166' title='bbox 1235 2381 1286 2442; x_wconf 89' lang='lat'>38.</span> 
     </span>
    </p>

    <p class='ocr_par' dir='ltr' id='par_1_6' title="bbox 238 2484 1410 2998">
     <span class='ocr_line' id='line_1_20' title="bbox 345 2484 1410 2570; baseline 0 -22"><span class='ocrx_word' id='word_1_167' title='bbox 345 2484 408 2548; x_wconf 78' lang='lat' dir='ltr'>Sed</span> <span class='ocrx_word' id='word_1_168' title='bbox 431 2507 470 2547; x_wconf 92' lang='lat' dir='ltr'>nc</span> <span class='ocrx_word' id='word_1_169' title='bbox 494 2486 545 2548; x_wconf 89' lang='lat' dir='ltr'>hic</span> <span class='ocrx_word' id='word_1_170' title='bbox 569 2485 696 2570; x_wconf 90' lang='lat' dir='ltr'>quidem</span> <span class='ocrx_word' id='word_1_171' title='bbox 724 2486 842 2550; x_wconf 80' lang='lat' dir='ltr'>dimisit</span> <span class='ocrx_word' id='word_1_172' title='bbox 866 2486 997 2551; x_wconf 86' lang='lat' dir='ltr'>Ovidius</span> <span class='ocrx_word' id='word_1_173' title='bbox 1027 2488 1146 2550; x_wconf 90' lang='lat' dir='ltr'>fontem</span> <span class='ocrx_word' id='word_1_174' title='bbox 1174 2507 1263 2549; x_wconf 91' lang='lat' dir='ltr'>suum</span> <span class='ocrx_word' id='word_1_175' title='bbox 1288 2486 1410 2570; x_wconf 91' lang='lat' dir='ltr'>mytho-</span> 
     </span>
     <span class='ocr_line' id='line_1_21' title="bbox 238 2591 1410 2678; baseline 0.002 -26"><span class='ocrx_word' id='word_1_176' title='bbox 238 2592 383 2677; x_wconf 81' lang='lat' dir='ltr'>logicum.</span> <span class='ocrx_word' id='word_1_177' title='bbox 408 2592 519 2655; x_wconf 89' lang='lat' dir='ltr'>Obiter</span> <span class='ocrx_word' id='word_1_178' title='bbox 535 2593 628 2674; x_wconf 85' lang='lat' dir='ltr'>enim⁷</span> <span class='ocrx_word' id='word_1_179' title='bbox 653 2599 823 2678; x_wconf 89' lang='lat' dir='ltr'>antequam</span> <span class='ocrx_word' id='word_1_180' title='bbox 840 2593 880 2656; x_wconf 89' lang='lat' dir='ltr'>ad</span> <span class='ocrx_word' id='word_1_181' title='bbox 897 2591 1098 2657; x_wconf 81' lang='lat' dir='ltr'>Galanthidis</span> <span class='ocrx_word' id='word_1_182' title='bbox 1120 2593 1261 2656; x_wconf 88' lang='lat' dir='ltr'>fabulam</span> <span class='ocrx_word' id='word_1_183' title='bbox 1277 2592 1410 2675; x_wconf 78' lang='lat' dir='ltr'>transiit,</span> 
     </span>
     <span class='ocr_line' id='line_1_22' title="bbox 238 2698 1409 2785; baseline 0.001 -24"><span class='ocrx_word' id='word_1_184' title='bbox 238 2698 480 2763; x_wconf 88' lang='lat' dir='ltr'>Heraclidarum</span> <span class='ocrx_word' id='word_1_185' title='bbox 498 2721 549 2762; x_wconf 88' lang='lat' dir='ltr'>res</span> <span class='ocrx_word' id='word_1_186' title='bbox 563 2705 667 2784; x_wconf 80' lang='lat' dir='ltr'>gestas</span> <span class='ocrx_word' id='word_1_187' title='bbox 686 2700 799 2784; x_wconf 82' lang='lat' dir='ltr'>attigit,</span> <span class='ocrx_word' id='word_1_188' title='bbox 825 2722 902 2785; x_wconf 93' lang='lat' dir='ltr'>quas</span> <span class='ocrx_word' id='word_1_189' title='bbox 918 2704 950 2763; x_wconf 95' lang='lat' dir='ltr'>in</span> <span class='ocrx_word' id='word_1_190' title='bbox 966 2701 1150 2785; x_wconf 88' lang='lat' dir='ltr'>compendio</span> <span class='ocrx_word' id='word_1_191' title='bbox 1173 2705 1243 2785; x_wconf 88' lang='lat' dir='ltr'>post</span> <span class='ocrx_word' id='word_1_192' title='bbox 1260 2698 1409 2762; x_wconf 86' lang='lat' dir='ltr'>Herculis</span> 
     </span>
     <span class='ocr_line' id='line_1_23' title="bbox 239 2805 1410 2891; baseline 0 -23"><span class='ocrx_word' id='word_1_193' title='bbox 239 2806 379 2870; x_wconf 87' lang='lat' dir='ltr'>fabulam</span> <span class='ocrx_word' id='word_1_194' title='bbox 395 2813 541 2870; x_wconf 88' lang='lat' dir='ltr'>tractatas</span> <span class='ocrx_word' id='word_1_195' title='bbox 559 2829 625 2869; x_wconf 88' lang='lat' dir='ltr'>esso</span> <span class='ocrx_word' id='word_1_196' title='bbox 642 2829 683 2870; x_wconf 86' lang='lat' dir='ltr'>cx</span> <span class='ocrx_word' id='word_1_197' title='bbox 696 2805 905 2870; x_wconf 90' lang='lat' dir='ltr'>bibliothecae</span> <span class='ocrx_word' id='word_1_198' title='bbox 929 2809 948 2870; x_wconf 90' lang='lat' dir='ltr'>l.</span> <span class='ocrx_word' id='word_1_199' title='bbox 965 2808 1001 2870; x_wconf 94' lang='grc' dir='ltr'><strong><em>Π</em></strong></span> <span class='ocrx_word' id='word_1_200' title='bbox 1024 2827 1048 2870; x_wconf 91' lang='lat' dir='ltr'>o.</span> <span class='ocrx_word' id='word_1_201' title='bbox 1065 2806 1124 2868; x_wconf 86' lang='grc'>161</span> <span class='ocrx_word' id='word_1_202' title='bbox 1143 2830 1182 2869; x_wconf 86' lang='lat' dir='ltr'>ss.</span> <span class='ocrx_word' id='word_1_203' title='bbox 1199 2806 1410 2891; x_wconf 89' lang='lat' dir='ltr'>colligendum</span> 
     </span>
     <span class='ocr_line' id='line_1_24' title="bbox 238 2912 1408 2998; baseline 0.001 -24"><span class='ocrx_word' id='word_1_204' title='bbox 238 2920 293 2976; x_wconf 87' lang='lat' dir='ltr'>cst.</span> <span class='ocrx_word' id='word_1_205' title='bbox 318 2912 366 2976; x_wconf 87' lang='lat' dir='ltr'>Ac</span> <span class='ocrx_word' id='word_1_206' title='bbox 390 2912 428 2976; x_wconf 86' lang='lat' dir='ltr'>de</span> <span class='ocrx_word' id='word_1_207' title='bbox 444 2913 501 2976; x_wconf 93' lang='lat' dir='ltr'>hoc</span> <span class='ocrx_word' id='word_1_208' title='bbox 520 2915 652 2976; x_wconf 89' lang='lat' dir='ltr'>transitu</span> <span class='ocrx_word' id='word_1_209' title='bbox 674 2933 754 2996; x_wconf 89' lang='lat' dir='ltr'>quae</span> <span class='ocrx_word' id='word_1_210' title='bbox 770 2913 902 2976; x_wconf 90' lang='lat' dir='ltr'>dicenda</span> <span class='ocrx_word' id='word_1_211' title='bbox 917 2921 998 2996; x_wconf 73' lang='lat' dir='ltr'>sunt,</span> <span class='ocrx_word' id='word_1_212' title='bbox 1015 2935 1110 2998; x_wconf 88' lang='lat' dir='ltr'>supra</span> <span class='ocrx_word' id='word_1_213' title='bbox 1126 2914 1216 2976; x_wconf 91' lang='lat' dir='ltr'>attuli</span> <span class='ocrx_word' id='word_1_214' title='bbox 1241 2913 1284 2998; x_wconf 86' lang='lat' dir='ltr'>(p.</span> <span class='ocrx_word' id='word_1_215' title='bbox 1300 2914 1342 2976; x_wconf 81' lang='grc'>62</span> <span class='ocrx_word' id='word_1_216' title='bbox 1359 2914 1408 2994; x_wconf 80' lang='lat' dir='ltr'>s).</span> 
     </span>
    </p>

    <p class='ocr_par' dir='ltr' id='par_1_7' title="bbox 343 3019 1410 3105">
     <span class='ocr_line' id='line_1_25' title="bbox 343 3019 1410 3105; baseline -0.001 -23"><span class='ocrx_word' id='word_1_217' title='bbox 343 3019 387 3083; x_wconf 90' lang='lat' dir='ltr'>Ut</span> <span class='ocrx_word' id='word_1_218' title='bbox 421 3019 639 3104; x_wconf 76' lang='lat' dir='ltr'>comprobetur</span> <span class='ocrx_word' id='word_1_219' title='bbox 673 3019 807 3104; x_wconf 91' lang='lat' dir='ltr'>denique</span> <span class='ocrx_word' id='word_1_220' title='bbox 843 3019 992 3083; x_wconf 86' lang='lat' dir='ltr'>Ovidium</span> <span class='ocrx_word' id='word_1_221' title='bbox 1025 3020 1221 3105; x_wconf 88' lang='lat' dir='ltr'>tragoediam</span> <span class='ocrx_word' id='word_1_222' title='bbox 1254 3019 1294 3082; x_wconf 90' lang='lat' dir='ltr'>ad</span> <span class='ocrx_word' id='word_1_223' title='bbox 1327 3040 1410 3082; x_wconf 92' lang='lat' dir='ltr'>com-</span> 
     </span>
    </p>
   </div>
   <div class='ocr_carea' id='block_1_3' title="bbox 237 3123 1515 3210">
    <p class='ocr_par' dir='ltr' id='par_1_8' title="bbox 237 3123 1515 3210">
     <span class='ocr_line' id='line_1_26' title="bbox 237 3123 1515 3210; baseline 0 -22"><span class='ocrx_word' id='word_1_224' title='bbox 237 3126 344 3210; x_wconf 88' lang='lat' dir='ltr'>pendii</span> <span class='ocrx_word' id='word_1_225' title='bbox 369 3124 494 3188; x_wconf 85' lang='lat' dir='ltr'>fabulas</span> <span class='ocrx_word' id='word_1_226' title='bbox 518 3125 717 3189; x_wconf 82' lang='lat' dir='ltr'>exornandas</span> <span class='ocrx_word' id='word_1_227' title='bbox 740 3123 827 3188; x_wconf 91' lang='lat' dir='ltr'>haud</span> <span class='ocrx_word' id='word_1_228' title='bbox 852 3126 960 3189; x_wconf 92' lang='lat' dir='ltr'>sedulo</span> <span class='ocrx_word' id='word_1_229' title='bbox 984 3148 1059 3189; x_wconf 89' lang='lat' dir='ltr'>saue</span> <span class='ocrx_word' id='word_1_230' title='bbox 1083 3129 1248 3209; x_wconf 78' lang='lat' dir='ltr'>evolvisse,</span> <span class='ocrx_word' id='word_1_231' title='bbox 1273 3129 1306 3189; x_wconf 91' lang='lat' dir='ltr'>iu</span> <span class='ocrx_word' id='word_1_232' title='bbox 1327 3147 1409 3189; x_wconf 89' lang='lat' dir='ltr'>com·</span> <span class='ocrx_word' id='word_1_233' title='bbox 1512 3159 1515 3164; x_wconf 92' lang='lat'>·</span> 
     </span>
    </p>
   </div>
   <div class='ocr_carea' id='block_1_4' title="bbox 236 3232 1410 4173">
    <p class='ocr_par' dir='ltr' id='par_1_9' title="bbox 236 3232 1410 4173">
     <span class='ocr_line' id='line_1_27' title="bbox 236 3232 1410 3318; baseline -0.003 -22"><span class='ocrx_word' id='word_1_234' title='bbox 236 3233 432 3318; x_wconf 88' lang='lat' dir='ltr'>parationem</span> <span class='ocrx_word' id='word_1_235' title='bbox 456 3232 597 3296; x_wconf 87' lang='lat' dir='ltr'>vocanda</span> <span class='ocrx_word' id='word_1_236' title='bbox 616 3239 662 3296; x_wconf 90' lang='lat' dir='ltr'>est</span> <span class='ocrx_word' id='word_1_237' title='bbox 681 3233 786 3296; x_wconf 84' lang='lat' dir='ltr'>Ovidii</span> <span class='ocrx_word' id='word_1_238' title='bbox 803 3233 1020 3318; x_wconf 80' lang='lat' dir='ltr'>Epistularum</span> <span class='ocrx_word' id='word_1_239' title='bbox 1037 3234 1088 3296; x_wconf 82' lang='lat' dir='ltr'>IX</span> <span class='ocrx_word' id='word_1_240' title='bbox 1102 3232 1410 3318; x_wconf 83' lang='lat' dir='ltr'>Metamorphosibus</span> 
     </span>
     <span class='ocr_line' id='line_1_28' title="bbox 236 3339 1409 3425; baseline -0.001 -23"><span class='ocrx_word' id='word_1_241' title='bbox 236 3341 332 3424; x_wconf 87' lang='lat' dir='ltr'>prior,</span> <span class='ocrx_word' id='word_1_242' title='bbox 356 3340 387 3402; x_wconf 91' lang='lat' dir='ltr'>iu</span> <span class='ocrx_word' id='word_1_243' title='bbox 413 3361 474 3425; x_wconf 91' lang='lat' dir='ltr'>qua</span> <span class='ocrx_word' id='word_1_244' title='bbox 498 3340 630 3403; x_wconf 90' lang='lat' dir='ltr'>candem</span> <span class='ocrx_word' id='word_1_245' title='bbox 655 3339 796 3403; x_wconf 88' lang='lat' dir='ltr'>fabulam</span> <span class='ocrx_word' id='word_1_246' title='bbox 820 3343 974 3406; x_wconf 81' lang='lat' dir='ltr'>tractavit.</span> <span class='ocrx_word' id='word_1_247' title='bbox 1003 3341 1054 3404; x_wconf 86' lang='lat' dir='ltr'>Ibi</span> <span class='ocrx_word' id='word_1_248' title='bbox 1079 3344 1162 3404; x_wconf 90' lang='lat' dir='ltr'>enirn</span> <span class='ocrx_word' id='word_1_249' title='bbox 1186 3362 1265 3425; x_wconf 93' lang='lat' dir='ltr'>quae</span> <span class='ocrx_word' id='word_1_250' title='bbox 1290 3342 1322 3402; x_wconf 93' lang='lat' dir='ltr'>in</span> <span class='ocrx_word' id='word_1_251' title='bbox 1341 3339 1409 3402; x_wconf 88' lang='lat' dir='ltr'>Me-</span> 
     </span>
     <span class='ocr_line' id='line_1_29' title="bbox 236 3445 1410 3532; baseline -0.002 -23"><span class='ocrx_word' id='word_1_252' title='bbox 236 3445 487 3532; x_wconf 89' lang='lat' dir='ltr'>tamorphosibus</span> <span class='ocrx_word' id='word_1_253' title='bbox 511 3447 707 3531; x_wconf 80' lang='lat' dir='ltr'>tragoediam</span> <span class='ocrx_word' id='word_1_254' title='bbox 731 3449 901 3532; x_wconf 88' lang='lat' dir='ltr'>respiciunt</span> <span class='ocrx_word' id='word_1_255' title='bbox 924 3448 1035 3511; x_wconf 89' lang='lat' dir='ltr'>cadem</span> <span class='ocrx_word' id='word_1_256' title='bbox 1058 3449 1273 3532; x_wconf 76' lang='lat' dir='ltr'>reperiuntur3</span> <span class='ocrx_word' id='word_1_257' title='bbox 1299 3447 1352 3529; x_wconf 74' lang='lat' dir='ltr'>ita,</span> <span class='ocrx_word' id='word_1_258' title='bbox 1374 3459 1410 3508; x_wconf 84' lang='lat' dir='ltr'>ut</span> 
     </span>
     <span class='ocr_line' id='line_1_30' title="bbox 236 3553 1409 3639; baseline -0.002 -23"><span class='ocrx_word' id='word_1_259' title='bbox 236 3556 383 3638; x_wconf 83' lang='lat' dir='ltr'>graviora</span> <span class='ocrx_word' id='word_1_260' title='bbox 406 3553 576 3638; x_wconf 80' lang='lat' dir='ltr'>proferam,</span> <span class='ocrx_word' id='word_1_261' title='bbox 608 3555 760 3639; x_wconf 85' lang='lat' dir='ltr'>epistulae</span> <span class='ocrx_word' id='word_1_262' title='bbox 789 3554 872 3618; x_wconf 90' lang='lat' dir='ltr'>idem</span> <span class='ocrx_word' id='word_1_263' title='bbox 896 3556 949 3617; x_wconf 91' lang='lat' dir='ltr'>ille</span> <span class='ocrx_word' id='word_1_264' title='bbox 975 3554 1154 3618; x_wconf 84' lang='lat' dir='ltr'>fabularum</span> <span class='ocrx_word' id='word_1_265' title='bbox 1179 3555 1409 3617; x_wconf 84' lang='lat' dir='ltr'>Herculearum</span> 
     </span>
     <span class='ocr_line' id='line_1_31' title="bbox 237 3659 1409 3746; baseline -0.002 -23"><span class='ocrx_word' id='word_1_266' title='bbox 237 3661 312 3724; x_wconf 87' lang='lat' dir='ltr'>ordo</span> <span class='ocrx_word' id='word_1_267' title='bbox 345 3659 460 3743; x_wconf 71' lang='lat' dir='ltr'>subest,</span> <span class='ocrx_word' id='word_1_268' title='bbox 497 3681 590 3744; x_wconf 91' lang='lat' dir='ltr'>quem</span> <span class='ocrx_word' id='word_1_269' title='bbox 623 3659 661 3722; x_wconf 93' lang='lat' dir='ltr'>ad</span> <span class='ocrx_word' id='word_1_270' title='bbox 696 3660 859 3746; x_wconf 81' lang='lat' dir='ltr'>Sophoclis</span> <span class='ocrx_word' id='word_1_271' title='bbox 893 3663 1075 3746; x_wconf 82' lang='lat' dir='ltr'>exemplum</span> <span class='ocrx_word' id='word_1_272' title='bbox 1109 3661 1310 3724; x_wconf 84' lang='lat' dir='ltr'>referendum</span> <span class='ocrx_word' id='word_1_273' title='bbox 1341 3681 1409 3723; x_wconf 84' lang='lat' dir='ltr'>esse</span> 
     </span>
     <span class='ocr_line' id='line_1_32' title="bbox 237 3766 1408 3852; baseline 0.001 -23"><span class='ocrx_word' id='word_1_274' title='bbox 237 3789 331 3852; x_wconf 89' lang='lat' dir='ltr'>supra</span> <span class='ocrx_word' id='word_1_275' title='bbox 355 3766 398 3851; x_wconf 86' lang='lat' dir='ltr'>(p.</span> <span class='ocrx_word' id='word_1_276' title='bbox 417 3768 473 3849; x_wconf 89' lang='grc'>55)</span> <span class='ocrx_word' id='word_1_277' title='bbox 497 3767 648 3848; x_wconf 80' lang='lat' dir='ltr'>vidimus3</span> <span class='ocrx_word' id='word_1_278' title='bbox 672 3788 740 3829; x_wconf 91' lang='lat' dir='ltr'>cum</span> <span class='ocrx_word' id='word_1_279' title='bbox 766 3774 871 3830; x_wconf 90' lang='lat' dir='ltr'>autem</span> <span class='ocrx_word' id='word_1_280' title='bbox 895 3769 927 3830; x_wconf 94' lang='lat' dir='ltr'>in</span> <span class='ocrx_word' id='word_1_281' title='bbox 950 3767 1256 3852; x_wconf 86' lang='lat' dir='ltr'>Metamorphosibus</span> <span class='ocrx_word' id='word_1_282' title='bbox 1279 3788 1330 3830; x_wconf 91' lang='lat' dir='ltr'>res</span> <span class='ocrx_word' id='word_1_283' title='bbox 1354 3766 1408 3830; x_wconf 93' lang='lat' dir='ltr'>ob-</span> 
     </span>
     <span class='ocr_line' id='line_1_33' title="bbox 237 3873 1409 3959; baseline -0.001 -23"><span class='ocrx_word' id='word_1_284' title='bbox 237 3879 359 3936; x_wconf 88' lang='lat' dir='ltr'>scurata</span> <span class='ocrx_word' id='word_1_285' title='bbox 384 3876 423 3937; x_wconf 92' lang='lat' dir='ltr'>sit</span> <span class='ocrx_word' id='word_1_286' title='bbox 447 3874 629 3955; x_wconf 79' lang='lat' dir='ltr'>(ef.v.134</span> <span class='ocrx_word' id='word_1_287' title='bbox 654 3876 701 3956; x_wconf 76' lang='lat' dir='ltr'>s),</span> <span class='ocrx_word' id='word_1_288' title='bbox 726 3875 758 3935; x_wconf 92' lang='lat' dir='ltr'>in</span> <span class='ocrx_word' id='word_1_289' title='bbox 782 3874 926 3959; x_wconf 78' lang='lat' dir='ltr'>Epistula</span> <span class='ocrx_word' id='word_1_290' title='bbox 950 3882 1058 3937; x_wconf 90' lang='lat' dir='ltr'>contra</span> <span class='ocrx_word' id='word_1_291' title='bbox 1089 3877 1168 3937; x_wconf 86' lang='lat' dir='ltr'>sicut</span> <span class='ocrx_word' id='word_1_292' title='bbox 1191 3876 1224 3936; x_wconf 91' lang='lat' dir='ltr'>in</span> <span class='ocrx_word' id='word_1_293' title='bbox 1247 3873 1409 3958; x_wconf 83' lang='lat' dir='ltr'>tragoedia</span> 
     </span>
     <span class='ocr_line' id='line_1_34' title="bbox 237 3979 1408 4065; baseline 0.002 -24"><span class='ocrx_word' id='word_1_294' title='bbox 237 3979 387 4042; x_wconf 88' lang='lat' dir='ltr'>Deianira</span> <span class='ocrx_word' id='word_1_295' title='bbox 411 3982 553 4065; x_wconf 92' lang='lat' dir='ltr'>queritur</span> <span class='ocrx_word' id='word_1_296' title='bbox 578 3981 681 4045; x_wconf 87' lang='lat' dir='ltr'>virum</span> <span class='ocrx_word' id='word_1_297' title='bbox 696 4001 818 4065; x_wconf 84' lang='lat' dir='ltr'>semper</span> <span class='ocrx_word' id='word_1_298' title='bbox 843 3980 1004 4044; x_wconf 86' lang='lat' dir='ltr'>absentem</span> <span class='ocrx_word' id='word_1_299' title='bbox 1024 3988 1182 4061; x_wconf 84' lang='lat' dir='ltr'>„monstra</span> <span class='ocrx_word' id='word_1_300' title='bbox 1198 3989 1228 4045; x_wconf 89' lang='lat' dir='ltr'>et</span> <span class='ocrx_word' id='word_1_301' title='bbox 1251 3980 1408 4043; x_wconf 86' lang='lat' dir='ltr'>terribiles</span> 
     </span>
     <span class='ocr_line' id='line_1_35' title="bbox 237 4086 1408 4173; baseline 0.003 -26"><span class='ocrx_word' id='word_1_302' title='bbox 237 4086 338 4148; x_wconf 82' lang='lat' dir='ltr'>feras“</span> <span class='ocrx_word' id='word_1_303' title='bbox 365 4090 511 4171; x_wconf 90' lang='lat' dir='ltr'>persequi</span> <span class='ocrx_word' id='word_1_304' title='bbox 537 4089 579 4169; x_wconf 84' lang='lat' dir='ltr'>(v.</span> <span class='ocrx_word' id='word_1_305' title='bbox 596 4089 637 4150; x_wconf 88' lang='lat'>33</span> <span class='ocrx_word' id='word_1_306' title='bbox 663 4111 702 4171; x_wconf 81' lang='lat' dir='ltr'>s.;</span> <span class='ocrx_word' id='word_1_307' title='bbox 727 4088 839 4151; x_wconf 85' lang='lat' dir='ltr'>Trach.</span> <span class='ocrx_word' id='word_1_308' title='bbox 857 4112 887 4152; x_wconf 83' lang='lat' dir='ltr'>v.</span> <span class='ocrx_word' id='word_1_309' title='bbox 905 4090 944 4151; x_wconf 80' lang='grc'>27</span> <span class='ocrx_word' id='word_1_310' title='bbox 971 4089 1035 4170; x_wconf 83' lang='lat' dir='ltr'>ss).</span> <span class='ocrx_word' id='word_1_311' title='bbox 1075 4089 1187 4173; x_wconf 82' lang='lat' dir='ltr'>Neque</span> <span class='ocrx_word' id='word_1_312' title='bbox 1211 4087 1408 4151; x_wconf 90' lang='lat' dir='ltr'>desideratur</span> 
     </span>
    </p>
   </div>
   <div class='ocr_carea' id='block_1_5' title="bbox 236 4244 1408 4494">
    <p class='ocr_par' dir='ltr' id='par_1_10' title="bbox 236 4244 1408 4494">
     <span class='ocr_line' id='line_1_36' title="bbox 345 4244 1407 4315; baseline 0.001 -19"><span class='ocrx_word' id='word_1_313' title='bbox 345 4244 425 4313; x_wconf 68' lang='grc' dir='ltr'>14)Ιο</span> <span class='ocrx_word' id='word_1_314' title='bbox 452 4248 566 4299; x_wconf 84' lang='lat' dir='ltr'>vasculis</span> <span class='ocrx_word' id='word_1_315' title='bbox 592 4247 725 4299; x_wconf 88' lang='lat' dir='ltr'>nonnullis</span> <span class='ocrx_word' id='word_1_316' title='bbox 751 4249 836 4315; x_wconf 87' lang='lat' dir='ltr'>pictus</span> <span class='ocrx_word' id='word_1_317' title='bbox 863 4254 902 4300; x_wconf 90' lang='lat' dir='ltr'>cst</span> <span class='ocrx_word' id='word_1_318' title='bbox 930 4248 1058 4300; x_wconf 89' lang='lat' dir='ltr'>Hercules</span> <span class='ocrx_word' id='word_1_319' title='bbox 1086 4246 1223 4315; x_wconf 84' lang='lat' dir='ltr'>quadrigio</span> <span class='ocrx_word' id='word_1_320' title='bbox 1250 4247 1348 4298; x_wconf 88' lang='lat' dir='ltr'>vehens</span> <span class='ocrx_word' id='word_1_321' title='bbox 1375 4247 1407 4298; x_wconf 91' lang='lat' dir='ltr'>ab</span> 
     </span>
     <span class='ocr_line' id='line_1_37' title="bbox 236 4334 1408 4403; baseline 0 -17"><span class='ocrx_word' id='word_1_322' title='bbox 236 4334 343 4387; x_wconf 84' lang='lat' dir='ltr'>Athena</span> <span class='ocrx_word' id='word_1_323' title='bbox 352 4339 397 4386; x_wconf 87' lang='lat' dir='ltr'>aut</span> <span class='ocrx_word' id='word_1_324' title='bbox 408 4334 526 4386; x_wconf 88' lang='lat' dir='ltr'>Victoria</span> <span class='ocrx_word' id='word_1_325' title='bbox 534 4335 761 4402; x_wconf 84' lang='lat' dir='ltr'>gubernato,quod</span> <span class='ocrx_word' id='word_1_326' title='bbox 770 4338 925 4403; x_wconf 80' lang='lat' dir='ltr'>praevolare</span> <span class='ocrx_word' id='word_1_327' title='bbox 935 4336 1003 4388; x_wconf 89' lang='lat' dir='ltr'>solet</span> <span class='ocrx_word' id='word_1_328' title='bbox 1012 4337 1168 4388; x_wconf 88' lang='lat' dir='ltr'>Mercurius.</span> <span class='ocrx_word' id='word_1_329' title='bbox 1181 4336 1215 4393; x_wconf 76' lang='lat' dir='ltr'>cf.</span> <span class='ocrx_word' id='word_1_330' title='bbox 1226 4335 1408 4402; x_wconf 80' lang='lat' dir='ltr'>Furtwangler</span> 
     </span>
     <span class='ocr_line' id='line_1_38' title="bbox 237 4423 1408 4494; baseline 0.001 -18"><span class='ocrx_word' id='word_1_331' title='bbox 237 4425 264 4477; x_wconf 89' lang='lat' dir='ltr'>in</span> <span class='ocrx_word' id='word_1_332' title='bbox 283 4423 411 4478; x_wconf 83' lang='lat' dir='ltr'>Roscheri</span> <span class='ocrx_word' id='word_1_333' title='bbox 431 4425 493 4476; x_wconf 81' lang='lat' dir='ltr'>Lex.</span> <span class='ocrx_word' id='word_1_334' title='bbox 508 4425 556 4478; x_wconf 90' lang='lat' dir='ltr'>col.</span> <span class='ocrx_word' id='word_1_335' title='bbox 572 4428 648 4478; x_wconf 73' lang='lat'>2240.</span> <span class='ocrx_word' id='word_1_336' title='bbox 671 4423 779 4478; x_wconf 90' lang='lat' dir='ltr'>Ovidius</span> <span class='ocrx_word' id='word_1_337' title='bbox 803 4423 968 4494; x_wconf 86' lang='lat' dir='ltr'>quadrigium</span> <span class='ocrx_word' id='word_1_338' title='bbox 989 4441 1047 4478; x_wconf 88' lang='lat' dir='ltr'>eum</span> <span class='ocrx_word' id='word_1_339' title='bbox 1068 4425 1135 4478; x_wconf 87' lang='lat' dir='ltr'>nube</span> <span class='ocrx_word' id='word_1_340' title='bbox 1155 4427 1244 4493; x_wconf 87' lang='lat' dir='ltr'>inepte</span> <span class='ocrx_word' id='word_1_341' title='bbox 1262 4426 1408 4478; x_wconf 82' lang='lat' dir='ltr'>coniunxit.</span> 
     </span>
    </p>
   </div>
   <div class='ocr_carea' id='block_1_6' title="bbox 0 0 1680 5184">
    <p class='ocr_par' dir='ltr' id='par_1_11' title="bbox 0 0 1680 5184">
     <span class='ocr_line' id='line_1_39' title="bbox 0 0 1680 5184; baseline 0 2"><span class='ocrx_word' id='word_1_342' title='bbox 0 0 1680 5184; x_wconf 95' lang='lat' dir='ltr'> </span> 
     </span>
    </p>
   </div>
  </div>
 </body>
</html>
