3350 5184
747 418 966 481 ...67-

265 613 392 674 metheo
424 613 477 698 qui
507 613 650 677 homines
682 616 846 696 creaverit,
878 613 917 676 de
946 613 1065 677 diluvio
1097 613 1154 676 sub
1187 615 1379 678 Deucalione
1403 616 1442 677 ab

266 718 349 782 Jove
372 721 477 801 misso,
503 720 541 783 de
561 721 750 783 Deucalione
774 740 846 782 eum
869 720 994 805 Pyrrha
1018 722 1050 782 in
1074 742 1147 783 arca
1170 721 1210 783 ab
1234 722 1362 784 interitu
1378 742 1443 783 ser·

267 832 350 909 vato,
378 825 417 888 de
442 847 543 891 novae
570 829 674 910 gentis
698 827 854 890 humanae
878 833 959 909 ortu,
991 834 1021 890 et
1044 829 1199 890 artissime
1231 829 1312 890 inter
1335 848 1369 890 se
1393 847 1443 890 co-

267 931 398 995 haerent
429 939 459 994 et
487 933 597 996 eodem
630 933 740 996 ordine
770 941 940 996 narrantur
972 940 1066 1018 atque
1099 933 1184 1018 apud
1212 934 1443 1018 Apollodorum

266 1039 299 1118 (Ι
319 1039 475 1120 45-48).
507 1040 621 1123 Neque
646 1043 677 1102 in
702 1041 834 1124 singulis
859 1039 1017 1103 nonnullis
1042 1040 1135 1103 rebus
1156 1040 1244 1104 deest
1259 1040 1441 1104 similitudo.

267 1144 366 1208 Velut
383 1144 471 1228 illud,
492 1146 718 1208 Deucalionem
738 1166 807 1208 oum
822 1148 954 1230 coniuge
972 1147 1064 1228 (319)
1085 1167 1200 1231 ,parva
1215 1155 1283 1210 rate
1296 1149 1438 1210 vectum“

267 1253 301 1314 in
323 1252 517 1314 Parnassum
541 1252 670 1336 fugisse,
704 1253 816 1316 melius
841 1260 872 1316 ct
895 1253 1082 1338 explicatius
1107 1254 1186 1338 legis
1204 1255 1236 1317 in
1255 1253 1443 1317 bibliotheca

268 1358 285 1420 I
310 1360 349 1421 47
369 1381 404 1441 s,
428 1358 482 1421 ubi
497 1358 705 1421 Prometheus
722 1360 948 1422 Deucalionem
964 1367 996 1423 et
1011 1360 1170 1445 Pyrrham
1185 1360 1263 1422 cibis
1277 1361 1442 1423 instructos

267 1467 300 1526 in
316 1485 388 1528 arca
404 1465 543 1528 includit.
568 1465 678 1550 Atque·
690 1466 784 1528 etiam
799 1467 1024 1551 etymologiam
1038 1469 1123 1531 vocis
1144 1464 1223 1541 loci,
1247 1487 1341 1549 quam
1362 1468 1443 1547 „rire

266 1572 327 1633 roi
347 1572 429 1640 aaa:
452 1572 469 1633 ὁ
493 1570 605 1640 loto&
634 1571 809 1635 derivatam
833 1594 901 1635 esse
925 1572 1141 1657 Apollodorus
1165 1574 1196 1654 (Ι
1212 1576 1272 1653 48;
1294 1574 1333 1636 cf.
1350 1574 1438 1658 Hyg.

267 1679 289 1740 f.
318 1679 393 1760 153)
418 1679 585 1762 contendit,
611 1680 787 1762 significare
812 1679 938 1743 videtur
952 1681 1086 1743 Ovidius
1109 1704 1139 1744 v.
1158 1680 1222 1742 414
1240 1702 1278 1743 s:

342 1833 344 1838 .
405 1784 495 1866 ,inde
519 1807 619 1869 genus
643 1785 756 1848 durum
781 1807 887 1848 sumus
911 1787 1141 1871 experiensque
1166 1787 1309 1849 laborum

403 1897 434 1953 et
457 1891 644 1955 documenta
668 1891 789 1974 damus,
814 1913 877 1992 qqa
900 1893 997 1954 simus
1021 1893 1143 1975 origine
1167 1895 1262 1956 nati.“

374 1998 465 2070 Quod
489 2006 594 2061 autem
615 1997 749 2062 Ovidius
772 1998 928 2062 diluvium
951 2019 1014 2061 non
1037 2019 1107 2062 eum
1131 2021 1232 2062 aenea
1254 2008 1289 2062 ut
1312 2001 1442 2084 Apollo-

265 2104 372 2187 dorus,
388 2105 443 2168 sed
457 2126 528 2168 cum
550 2106 654 2168 ferrea
678 2103 827 2187 aetatem)
851 2106 1024 2188 coniunxit,
1049 2106 1122 2168 inde
1145 2108 1331 2191 explicatur,
1357 2107 1441 2190 quod

267 2213 450 2295 interposita
481 2212 520 2274 do
543 2233 597 2274 suo
623 2216 762 2274 actatum
786 2213 839 2274 illa
862 2214 943 2275 serie
965 2211 1120 2276 diluvium
1144 2221 1320 2298 postremae
1345 2214 1441 2275 aetati

266 2318 458 2401 subiungere
482 2325 605 2381 coactus
629 2326 684 2382 est.

374 2425 412 2487 In
437 2426 580 2508 plurimis
611 2427 707 2508 igitur
731 2425 1026 2510 Metamorphoseon
1057 2426 1145 2489 libris
1170 2426 1347 2510 compendii
1373 2448 1441 2511 my-

266 2531 413 2614 thologici
437 2552 529 2593 usum
553 2532 755 2594 ostendimus.
793 2531 901 2617 Atque
925 2532 1009 2595 illius
1034 2531 1197 2595 enchiridii
1224 2534 1354 2595 imitatio
1380 2535 1441 2595 iam

263 2657 308 2700 ex
330 2658 367 2700 eo
391 2639 502 2719 elucet,
534 2638 617 2723 quod
641 2638 773 2701 (lvidius
804 2639 947 2701 similiter
976 2660 1012 2702 ac
1041 2638 1230 2703 bibliotheca
1257 2642 1377 2724 ,prima
1401 2640 1441 2701 ab

264 2746 387 2828 origine
410 2744 537 2806 mundi“
568 2745 598 2824 (Ι
616 2746 650 2826 3)
673 2765 802 2807 narrare
828 2765 959 2808 exorsus
984 2750 1040 2827 est,
1064 2752 1095 2807 et
1120 2745 1234 2808 deinde
1250 2745 1442 2809 Graecorum

266 2850 390 2912 fabulas
416 2848 589 2913 seeundum
604 2851 734 2913 heroum
759 2872 879 2934 genera
893 2850 1060 2935 dispositas
1084 2854 1231 2915 tractavit
1245 2853 1440 2937 praecipuas,

264 2955 394 3019 Troicos
411 2956 546 3041 denique
561 2979 610 3019 res
628 2959 783 3040 exposuit.
811 2958 891 3020 Dum
907 2965 1011 3020 autem
1024 2960 1057 3021 in
1070 2959 1132 3021 fine
1144 2959 1319 3043 compendii
1335 2959 1442 3021 Ulixis

266 3065 299 3124 in
321 3065 455 3147 patriam
486 3063 645 3126 redeuntis
679 3085 800 3126 errores
833 3064 905 3128 lecti
934 3072 1047 3146 essent,
1077 3065 1210 3128 Ovidius
1241 3067 1358 3150 quippe
1388 3067 1446 3150 qui⁶

265 3169 425 3232 Romanos
457 3171 587 3234 lectores
611 3172 792 3254 respiceret,
828 3172 950 3234 omissis
973 3170 1168 3235 Achivorum
1191 3173 1288 3235 nostis
1311 3171 1441 3234 Aeneae

265 3297 315 3339 ros
339 3283 443 3361 gestas
457 3276 636 3360 Vergilium
662 3289 785 3340 secutus
810 3277 941 3358 addidit,
966 3286 997 3340 et
1019 3279 1102 3340 ultro
1127 3278 1199 3341 indo
1224 3299 1242 3340 a
1266 3279 1286 3340 l.
1302 3277 1386 3341 XIV
1410 3302 1440 3342 r.

264 3383 330 3445 609
354 3384 569 3446 Romanorum
594 3405 704 3467 regum
728 3386 853 3465 seriem,
877 3384 1022 3447 Caesaris
1046 3392 1178 3448 mortem
1196 3392 1227 3448 et
1245 3385 1438 3470 apotheosin,

264 3489 429 3552 Octaviani
459 3489 595 3575 denique
625 3490 750 3552 laudem
781 3491 919 3553 carmine
949 3491 1129 3574 celebravit,
1163 3491 1297 3554 deducta
1324 3494 1441 3555 scilieet

264 3598 569 3681 narrationemque
593 3597 633 3658 ad
658 3599 754 3680 ipsius
780 3603 931 3682 tempora.

372 3701 479 3787 Atque
502 3710 537 3765 ut
560 3724 641 3787 quae
666 3724 787 3765 summa
811 3705 851 3767 sit
873 3703 966 3767 huius
990 3704 1439 3790 dissertationiscomplectar:

264 3808 407 3891 Ovidius,
432 3816 467 3871 ut
490 3810 691 3894 amplissimis
717 3816 747 3872 et
762 3811 968 3874 ornatissimis
993 3811 1141 3874 aedificiis
1157 3812 1221 3874 suis
1245 3811 1345 3874 solida
1368 3813 1441 3876 sub-

264 3920 400 3978 strueret
424 3915 638 3999 fundamenta,
665 3915 785 4000 lapides
809 3915 870 3979 sibi
894 3917 1086 4002 deprompsit
1110 3939 1150 3980 ex
1174 3919 1357 4002 compendio
1373 3942 1441 4004 my-

265 4020 421 4105 thologice
442 4020 629 4107 Apollodori
654 4021 864 4086 bibliothecae
888 4024 993 4106 simili,
1018 4024 1102 4108 quod
1127 4023 1276 4087 traditum
1300 4042 1441 4088 tenorem

265 4127 446 4191 fabularum
470 4128 630 4192 commode
656 4131 682 4192 ei
698 4129 879 4214 praebebat.
912 4131 992 4193 [nde
1008 4133 1103 4214 igitur
1118 4132 1223 4194 hausit
1247 4133 1441 4195 continentes

374 4285 406 4352 18)
427 4285 590 4352 Quamquam
609 4288 728 4339 ultimam
747 4295 824 4341 vocat
842 4288 954 4340 ferream
972 4295 1085 4340 rietatem
1105 4287 1215 4340 Ovidius
1234 4306 1257 4339 v.
1274 4293 1332 4353 127,
1351 4294 1438 4340 tamen

265 4376 431 4442 paulopost,
451 4391 474 4426 v.
491 4378 541 4427 159
560 4391 590 4437 s,
610 4392 642 4427 ex
664 4376 805 4442 Gigantum
825 4379 951 4444 sangnine
965 4393 1058 4430 novam
1071 4377 1206 4428 hominum
1220 4384 1323 4444 gentem
1345 4375 1440 4428 saetam

263 4478 321 4515 esse
341 4461 412 4514 dicit.
432 4463 504 4530 Ergo
525 4462 635 4516 Ovidius
654 4480 695 4515 res
716 4463 831 4517 diversas
852 4464 960 4518 libidine
979 4467 1048 4517 inter
1066 4482 1093 4517 se
1113 4467 1262 4518 connexuit.
