3350 5184
726 363 945 424 ,60-

250 557 418 646 Halcyone
441 559 620 623 narratione
644 560 837 645 interruptus
862 566 918 644 est,
943 561 1018 625 illue
1040 559 1124 623 unde
1148 562 1226 624 exiit
1240 561 1418 626 revertitur.

250 665 449 752 Quamquam
462 674 568 730 autom
584 667 661 730 duas
675 667 731 730 has
745 667 926 732 fabularum
941 670 1036 731 series
1050 689 1113 731 non
1129 668 1268 753 integras
1283 691 1324 732 ex
1338 690 1420 732 com·

249 773 364 859 pondio
388 776 557 858 transtulit,
582 781 686 838 tamen
710 777 742 838 in
767 777 814 857 iis,
840 797 921 860 quae
945 776 1066 859 selegit,
1090 797 1153 838 non
1176 775 1290 839 desunt
1313 777 1421 840 simili·

249 881 374 945 tudines
397 903 468 944 cum
490 880 684 968 Apollodoro
701 889 839 969 apertae.
864 883 915 946 Ita
939 883 1050 946 codem
1065 883 1157 946 modo
1180 890 1275 968 atque
1298 885 1421 969 mytho-

249 989 388 1074 graphus
403 988 453 1070 (ΙΙ
470 990 532 1054 103
545 987 617 1073 s.)⁴)
633 990 671 1053 de
686 989 799 1053 Troiae
814 993 912 1053 muris
924 991 1129 1075 Hesioneque
1143 999 1261 1054 narrat.
1278 991 1318 1054 ln
1332 991 1420 1054 Pelei

249 1103 354 1160 autem
364 1096 544 1160 etThotidis
555 1097 807 1180 fabulavestigia
816 1098 1057 1161 occurrunteius
1066 1098 1196 1181 formae,
1206 1119 1299 1183 quam
1308 1097 1420 1161 biblio-

249 1204 339 1267 theca
350 1205 451 1290 primo
464 1205 531 1268 loco
542 1204 636 1268 affert
646 1203 701 1268 ΠΙ
717 1206 794 1288 168;
808 1203 922 1269 Aesaci
937 1212 1102 1291 praeterea
1115 1226 1198 1268 mors
1211 1214 1242 1268 et
1255 1213 1421 1269 metamor-

248 1310 356 1397 phosis
372 1311 565 1397 significatur
580 1313 690 1376 saltem
706 1312 747 1376 ab
763 1311 960 1399 Apollodoro
978 1312 1046 1393 (ΙΙΙ
1067 1312 1153 1395 147).
1177 1312 1421 1377 Animadvertes

249 1418 395 1503 denique,
413 1439 474 1503 qua
490 1421 619 1481 scientia
635 1418 767 1483 Ovidius
782 1419 874 1483 Trois
888 1421 1050 1505 progeniei
1064 1422 1190 1483 nomina
1214 1421 1422 1483 cumulaverit

248 1549 278 1590 v.
298 1527 360 1589 756
377 1548 415 1588 ss.
442 1526 552 1589 eadem
577 1527 643 1589 fere
667 1534 760 1612 atque
776 1526 969 1590 bibliotheca
992 1524 1226 1609 (111140ss.);
1251 1527 1284 1589 in
1308 1525 1421 1612 quibus

249 1631 417 1696 afferendis
440 1639 543 1718 poeta,
568 1655 637 1697 cum
661 1634 702 1696 lli
715 1633 864 1697 Assaraci
888 1633 1080 1718 Ganymedis
1093 1634 1284 1696 mentionem
1301 1633 1420 1716 feccrit,

248 1740 367 1825 pariter
390 1762 426 1803 ac
449 1741 697 1826 mythographus
721 1740 916 1826 Ganymedis
939 1747 1054 1804 sortem
1079 1740 1189 1804 leviter
1212 1742 1349 1826 attingit.

329 1929 330 1932 Ἴ
355 1848 467 1910 Aesaci
499 1848 606 1911 fabula
634 1848 674 1912 ad
702 1850 796 1912 finem
824 1847 976 1932 perducta
999 1847 1132 1912 Ovidius
1161 1848 1201 1911 ad
1225 1849 1314 1912 initia
1343 1849 1418 1912 belli
1469 1879 1471 1882 ·

249 1954 376 2017 Troiani
411 1977 430 2017 a
462 1955 577 2019 Paride
614 1955 758 2019 adultero
794 1956 928 2019 inchoati
959 1957 1071 2018 transit
1102 1955 1186 2036 (XII
1215 1957 1258 2037 5).
1305 1955 1420 2039 Adicit,

250 2081 330 2144 quae
354 2061 481 2145 Aulide,
507 2084 587 2147 quae
610 2071 682 2126 ante
697 2063 824 2125 Troiam
844 2062 928 2125 facta
950 2064 1021 2145 sint,
1046 2083 1104 2125 neo
1117 2065 1205 2147 prius
1229 2084 1278 2125 res
1295 2063 1421 2126 Troicas

250 2169 407 2253 relinquit,
433 2191 527 2254 quam
552 2170 717 2234 Hecubam
745 2179 816 2254 post
840 2170 953 2232 Troiae
985 2169 1142 2232 excidium
1166 2171 1199 2230 in
1222 2190 1331 2232 canem
1353 2191 1420 2232 mu·

249 2280 345 2336 tatam
374 2274 488 2338 obiisse
516 2279 657 2340 narravit
688 2276 835 2356 (-X1H
868 2276 955 2359 575).
1004 2275 1110 2361 Atque
1140 2281 1285 2360 utraque,
1316 2275 1422 2340 Ovidii

249 2391 281 2443 et
303 2380 521 2467 bibliothocae,
551 2386 638 2447 cuius
669 2384 838 2468 epitomem
863 2391 1005 2447 tenemus
1031 2383 1074 2466 (3,
1102 2384 1197 2465 1-7,
1222 2383 1289 2466 40),
1313 2405 1421 2447 narra·

250 2489 333 2550 tione
358 2491 439 2552 inter
463 2511 495 2552 se
519 2501 698 2575 comparata
722 2492 875 2574 imprimis
898 2490 1123 2574 cognoscimus,
1148 2489 1297 2553 Ovidium
1320 2492 1422 2575 ipsum

146 2585 147 2588 ¹
249 2592 343 2658 rebus
367 2595 511 2659 Troianis
535 2598 702 2668 inseruisse
727 2597 851 2659 fabulas
876 2596 914 2659 de
938 2596 1062 2659 Caeneo
1087 2602 1118 2658 et
1143 2595 1182 2658 dc
1203 2596 1422 2681 Periclymene

250 2703 282 2763 in
305 2704 583 2787 metamorphoseis
607 2711 757 2767 exeuntes
782 2703 866 2785 (XII
893 2704 1090 2785 los—576),
1115 2724 1192 2787 quas
1206 2709 1278 2765 ante
1291 2703 1421 2766 Troiam

249 2811 330 2872 inter
354 2812 462 2893 opulas
487 2810 602 2874 Nestor
626 2811 756 2896 profert,
765 2807 789 2893 5)
814 2818 979 2895 praeterea
1000 2810 1158 2871 Nasonem
1174 2808 1351 2872 Memnonis
1375 2809 1421 2870 f-

250 2916 356 2979 bulam
386 2939 427 2980 ex
458 2918 548 2980 solito
577 2938 631 2981 suo
667 2919 732 2980 loco
768 2923 922 2980 remotam
955 2915 1108 2979 Hecubae
1139 2915 1268 2978 fabulae
1301 2915 1420 2979 adnex-

249 3024 342 3087 uisse.
399 3023 492 3097 Quod
523 3025 574 3087 hic
603 3025 712 3088 eadem
745 3025 783 3087 de
815 3045 908 3087 causa
939 3024 1013 3086 feeit
1043 3031 1137 3107 atque
1166 3023 1199 3084 in
1228 3023 1247 3085 l.
1271 3023 1337 3105 Ill,
1368 3021 1422 3085 ubi

250 3129 374 3194 fabulas
398 3133 568 3193 contrarias
584 3132 695 3195 Oadmi
719 3139 749 3194 et
772 3131 940 3194 Actaeonis
957 3132 1038 3193 inter
1054 3151 1087 3192 se
1102 3126 1312 3212 coniunxit.⁶)
1339 3129 1422 3192 Nam

251 3237 289 3300 de
305 3237 439 3300 Hecuba
454 3237 580 3301 fabulae
605 3240 715 3301 similis
732 3261 768 3301 ea
788 3239 826 3301 de
843 3239 1011 3300 Memnone
1026 3236 1209 3320 respondet3
1235 3239 1315 3298 sicut
1337 3237 1422 3299 enim

249 3345 383 3408 Hecuba
406 3344 521 3408 liberos
547 3345 739 3431 Polydorum
763 3352 793 3407 ot
816 3346 1015 3429 Polyxenam
1039 3344 1169 3406 amissos
1193 3343 1345 3428 deplorat,
1378 3345 1422 3405 ita

248 3451 374 3514 Aurora
397 3452 597 3515 Memnonem
620 3452 720 3515 filium
743 3452 782 3515 ab
807 3451 932 3514 Achille
957 3451 1155 3512 interfectum
1180 3451 1275 3534 luget.

357 3559 378 3622 l
380 3561 494 3621 amiam
509 3580 590 3644 quae
604 3566 731 3642 restant,
747 3559 857 3622 ordine
871 3579 943 3620 cum
954 3557 1149 3642 Apollodoro
1161 3556 1421 3641 comparabimus.

357 3665 651 3730 Antehomerica
671 3688 751 3750 quae
772 3666 917 3728 dicuntur
935 3664 1066 3728 Ovidius
1080 3669 1193 3727 tractat
1208 3663 1279 3726 XII
1292 3664 1423 3726 5-579
1445 3656 1447 3663 ’

252 3775 315 3855 (vel
344 3775 429 3856 145),
454 3773 666 3858 Apollodorus
690 3772 765 3836 bibl.
782 3795 830 3858 ep.
847 3775 877 3854 3,
897 3773 1011 3834 1-35.
1037 3771 1120 3834 Belli
1141 3792 1267 3833 causam
1291 3771 1423 3855 carptim

357 3914 379 3982 ⁴)
398 3914 577 3983 Apollodorus
596 3914 711 3967 fabulam
733 3917 799 3967 inter
819 3915 942 3966 Herculis
960 3929 1002 3965 res
1021 3912 1098 3964 affert
1111 3911 1136 3963 Il
1159 3916 1207 3964 103
1228 3928 1248 3963 s.
1275 3910 1327 3964 Sed
1346 3910 1423 3963 valde

251 4006 370 4072 suspicor
396 4020 452 4056 cam
478 4005 546 4056 inter
568 4020 610 4056 res
628 4003 769 4069 Troianae,
795 4002 828 4055 ad
855 4019 920 4069 quas
945 4004 1075 4069 pertinet,
1102 4001 1163 4052 olim
1190 4001 1211 4050 si
1238 3999 1344 4066 quidem
1371 4016 1422 4052 nou

250 4100 395 4159 tractatam,
419 4099 507 4145 tamen
533 4091 706 4160 significatam
726 4107 789 4144 esso.
819 4090 940 4159 Hyginus
964 4091 1046 4155 euim,
1070 4091 1115 4157 qui
1138 4089 1253 4141 fabulam
1278 4105 1311 4141 ex
1330 4087 1423 4141 codem

250 4182 317 4235 libro
344 4197 395 4248 quo
424 4180 603 4249 Apollodorus
627 4180 715 4233 hausit
741 4183 776 4246 (e.
795 4197 819 4248 g.
841 4178 951 4231 eandem
976 4180 1073 4230 Priami
1097 4179 1210 4230 nominis
1239 4177 1422 4246 etymologiam

250 4271 378 4340 praebet),
399 4272 575 4323 narrationem
594 4271 672 4322 rebus
692 4270 814 4322 Troianis
834 4268 951 4321 inseruit.

359 4359 380 4427 ⁵)
400 4358 438 4412 Cs.
454 4361 514 4411 cll
533 4377 558 4426 p.
576 4361 606 4410 16
627 4365 653 4410 et
672 4366 753 4411 annot
771 4357 797 4409 ll
817 4362 841 4409 2.

358 4449 380 4517 a,
400 4448 439 4500 (ll.
453 4465 474 4500 c.
489 4448 515 4500 II
534 4465 559 4518 p.
577 4450 608 4499 18
628 4454 653 4500 et
672 4453 753 4501 armet
772 4447 797 4498 ll
817 4449 841 4500 3.
