3350 5184
899 445 1118 506 ..68-

418 639 570 702 fabularis
594 639 743 702 historiae
767 648 883 724 partes,
908 661 988 723 quae
1013 647 1085 701 sunt
1104 639 1143 702 de
1158 638 1278 702 Cadmo
1303 648 1333 702 et
1349 643 1416 703 eius
1430 643 1588 726 progenie,
1653 721 1655 725 ἲ

417 745 456 808 de
479 745 593 809 Medea
621 753 651 808 et
673 745 879 829 Argonautis,
911 745 950 808 de
973 746 1087 808 Atticis
1115 745 1220 828 rebus,
1253 745 1387 830 Theseo,
1420 747 1589 830 Meleagro,

416 852 565 934 Hercule,
590 853 673 915 bello
701 852 849 915 Troiano.
883 852 968 925 Quas
993 852 1133 935 fabulas,
1161 860 1197 914 ut
1224 853 1253 915 ei
1282 854 1410 938 placuit,
1440 862 1496 918 aut
1522 854 1588 917 bre-

416 961 497 1022 viter
517 960 782 1040 commemoravit,
814 966 869 1021 aut
892 980 972 1043 quae
998 961 1030 1020 in
1049 959 1328 1043 metamorphoseis
1349 967 1477 1040 exeunt,
1505 961 1590 1024 velut

415 1065 572 1150 Europae,
603 1065 781 1149 Autumnis,
815 1065 957 1127 Procnae
988 1076 1018 1127 et
1049 1065 1255 1146 Philomelae,
1287 1066 1434 1128 Herculis
1467 1065 1590 1129 fabulas

417 1171 543 1234 uberius
560 1173 739 1256 explicavit,
765 1180 819 1234 aut
834 1172 1109 1234 transformatione
1129 1193 1170 1234 ex
1186 1172 1247 1234 alio
1269 1170 1357 1234 fonte
1370 1172 1488 1253 addita,
1505 1173 1591 1235 velut

416 1278 567 1362 Meleagri
593 1292 624 1341 et
646 1277 774 1360 Liolrue,
799 1278 959 1362 proposito
984 1277 1156 1360 adaptavit.

522 1385 658 1447 Assidue
694 1396 798 1447 autem
831 1385 1068 1468 interrumpitur
1091 1390 1181 1446 tenor
1211 1382 1317 1446 'rerum
1340 1407 1382 1447 ex
1405 1386 1589 1470 compendio

416 1502 560 1575 acceptus
588 1491 821 1553 semotioribus
845 1513 864 1552 a
887 1491 1118 1575 mythographo
1142 1491 1254 1553 alienis
1287 1499 1316 1553 et
1340 1490 1381 1553 ab
1406 1493 1473 1574 ipso
1497 1501 1590 1575 poeta

417 1601 548 1660 insertio.
579 1601 664 1670 Quas
681 1619 803 1659 summa
819 1599 959 1660 colorum
974 1605 1139 1660 venustate
1154 1598 1327 1660 eminentes
1341 1607 1506 1682 poetarum
1521 1620 1590 1661 oum

415 1699 624 1789 popularium,
649 1714 715 1767 tum
738 1702 1030 1766 Alexandrinorum
1054 1705 1174 1767 auxilio
1206 1705 1301 1767 ascito
1325 1705 1500 1768 exornavit.
1547 1705 1590 1767 Ut

416 1831 490 1874 vero
514 1811 570 1873 has
593 1813 788 1873 narrationes
813 1811 1012 1873 intercalatus
1037 1811 1260 1874 iucundissime
1284 1832 1354 1874 cum
1378 1811 1591 1874 fundamentis

416 1917 478 1978 illis
502 1918 715 2001 coniungeret,
746 1917 905 1980 sollertem
929 1917 1061 1980 Ovidius
1090 1924 1121 1980 et
1150 1918 1348 2002 ingeniosum
1375 1939 1409 1980 se
1436 1919 1592 2002 praestitit

412 2031 545 2108 poetam.
571 2023 641 2096 Qua
666 2026 696 2086 in
720 2046 753 2086 re
778 2024 892 2108 quibus
916 1997 1055 2086 artificiis
1078 2025 1246 2108 praecipue
1269 2045 1344 2086 usus
1368 2033 1459 2107 esset,
1484 2024 1535 2087 hic
1557 2032 1589 2087 ot

407 2132 479 2194 illie
502 2131 655 2215 exemplis
680 2131 855 2214 insignibus
879 2131 983 2193 allatis
1008 2131 1211 2194 ostendimus

522 2237 593 2299 Hae
617 2239 712 2321 igitur
735 2237 941 2321 componendi
965 2237 1086 2300 ratione
1107 2238 1220 2301 vitavit
1233 2237 1375 2318 Ovidius,
1399 2259 1438 2299 ne
1459 2237 1593 2300 lectores

416 2346 561 2406 continuo
589 2345 804 2406 narrationum
832 2350 941 2406 tenore
970 2343 1132 2427 fatigaret,
1165 2345 1258 2406 immo
1292 2355 1399 2406 contra
1431 2348 1591 2406 assecutus

415 2458 471 2534 est,
500 2457 621 2513 utnon
644 2450 736 2513 modo
765 2450 1042 2513 innumerabilium
1072 2471 1149 2535 quas
1175 2449 1266 2513 affert
1293 2449 1474 2512 fabularum
1502 2452 1592 2534 eopia

415 2558 506 2619 certis
531 2559 621 2619 lineis
652 2557 888 2641 disponeretur,
920 2555 975 2618 sed
1009 2557 1104 2619 etiam
1130 2578 1215 2620 nova
1245 2556 1399 2640 quaedam
1430 2562 1460 2618 et
1483 2577 1520 2618 ea
1544 2558 1591 2618 iu-

415 2661 605 2726 cundissima
629 2663 778 2726 evaderet
802 2663 957 2725 fabularis
979 2663 1121 2744 historia,
1152 2664 1184 2724 in
1209 2684 1271 2747 qua
1294 2664 1493 2726 variarentur
1516 2663 1593 2724 trita

416 2771 529 2852 ignotis
553 2771 716 2854 novisque,
741 2771 912 2853 simplicius
941 2776 1072 2832 tractata
1096 2769 1261 2854 splendide
1286 2769 1450 2831 illustratis
1480 2776 1511 2832 et
1535 2790 1592 2830 ex-

415 2879 542 2939 ornatis.
699 2877 704 2889 '
