<?xml version="1.0" encoding="UTF-8"?>
<!DOCTYPE html PUBLIC "-//W3C//DTD XHTML 1.0 Transitional//EN"
    "http://www.w3.org/TR/xhtml1/DTD/xhtml1-transitional.dtd">
<html xmlns="http://www.w3.org/1999/xhtml" xml:lang="en" lang="en">
 <head>
  <title>
</title>
<meta http-equiv="Content-Type" content="text/html;charset=utf-8" />
  <meta name='ocr-system' content='tesseract 3.04.00' />
  <meta name='ocr-capabilities' content='ocr_page ocr_carea ocr_par ocr_line ocrx_word'/>
</head>
<body>
  <div class='ocr_page' id='page_1' title='image "./ovidiusquaratio01kiengoog_0058.png"; bbox 0 0 3350 5184; ppageno 0'>
   <div class='ocr_carea' id='block_1_1' title="bbox 755 361 973 462">
    <p class='ocr_par' dir='ltr' id='par_1_1' title="bbox 755 361 973 462">
     <span class='ocr_line' id='line_1_1' title="bbox 755 361 973 462; baseline 0.009 -56"><span class='ocrx_word' id='word_1_1' title='bbox 755 361 973 462; x_wconf 68' lang='lat'>-„54-.</span> 
     </span>
    </p>
   </div>
   <div class='ocr_carea' id='block_1_2' title="bbox 271 556 1450 3325">
    <p class='ocr_par' dir='ltr' id='par_1_2' title="bbox 272 556 1450 1396">
     <span class='ocr_line' id='line_1_2' title="bbox 274 556 1448 647; baseline -0.003 -22"><span class='ocrx_word' id='word_1_2' title='bbox 274 570 305 625; x_wconf 91' lang='lat' dir='ltr'>et</span> <span class='ocrx_word' id='word_1_3' title='bbox 333 567 426 647; x_wconf 89' lang='lat' dir='ltr'>poeta</span> <span class='ocrx_word' id='word_1_4' title='bbox 456 559 678 643; x_wconf 84' lang='lat' dir='ltr'>expilaverunt</span> <span class='ocrx_word' id='word_1_5' title='bbox 709 558 832 622; x_wconf 87' lang='lat' dir='ltr'>doctum</span> <span class='ocrx_word' id='word_1_6' title='bbox 865 580 940 621; x_wconf 89' lang='lat' dir='ltr'>sane</span> <span class='ocrx_word' id='word_1_7' title='bbox 969 564 1000 621; x_wconf 94' lang='lat' dir='ltr'>ot</span> <span class='ocrx_word' id='word_1_8' title='bbox 1023 559 1199 643; x_wconf 71' lang='lat' dir='ltr'>copiosum,</span> <span class='ocrx_word' id='word_1_9' title='bbox 1235 556 1448 644; x_wconf 91' lang='lat' dir='ltr'>Apollodorus</span> 
     </span>
     <span class='ocr_line' id='line_1_3' title="bbox 273 664 1448 751; baseline -0.002 -20"><span class='ocrx_word' id='word_1_10' title='bbox 273 667 448 732; x_wconf 76' lang='lat' dir='ltr'>illustriora</span> <span class='ocrx_word' id='word_1_11' title='bbox 470 668 598 730; x_wconf 90' lang='lat' dir='ltr'>nomina</span> <span class='ocrx_word' id='word_1_12' title='bbox 622 665 734 751; x_wconf 75' lang='lat' dir='ltr'>selegit</span> <span class='ocrx_word' id='word_1_13' title='bbox 756 671 882 751; x_wconf 86' lang='lat' dir='ltr'>praeter</span> <span class='ocrx_word' id='word_1_14' title='bbox 898 665 1086 728; x_wconf 84' lang='lat' dir='ltr'>Thestiadas</span> <span class='ocrx_word' id='word_1_15' title='bbox 1110 664 1328 751; x_wconf 83' lang='lat' dir='ltr'>duodeviginti</span> <span class='ocrx_word' id='word_1_16' title='bbox 1352 688 1448 730; x_wconf 83' lang='lat' dir='ltr'>vena·</span> 
     </span>
     <span class='ocr_line' id='line_1_4' title="bbox 273 772 1448 859; baseline -0.002 -20"><span class='ocrx_word' id='word_1_17' title='bbox 273 782 356 840; x_wconf 89' lang='lat' dir='ltr'>tores</span> <span class='ocrx_word' id='word_1_18' title='bbox 387 794 583 856; x_wconf 88' lang='lat' dir='ltr'>enumerans,</span> <span class='ocrx_word' id='word_1_19' title='bbox 617 774 722 859; x_wconf 90' lang='lat' dir='ltr'>plures</span> <span class='ocrx_word' id='word_1_20' title='bbox 736 773 738 778; x_wconf 79' lang='grc'><strong>’</strong></span> <span class='ocrx_word' id='word_1_21' title='bbox 753 772 885 858; x_wconf 88' lang='lat' dir='ltr'>praebet</span> <span class='ocrx_word' id='word_1_22' title='bbox 914 772 1075 858; x_wconf 89' lang='lat' dir='ltr'>Hyginus,</span> <span class='ocrx_word' id='word_1_23' title='bbox 1109 775 1196 836; x_wconf 89' lang='lat' dir='ltr'>ouius</span> <span class='ocrx_word' id='word_1_24' title='bbox 1225 773 1359 837; x_wconf 89' lang='lat' dir='ltr'>indicem</span> <span class='ocrx_word' id='word_1_25' title='bbox 1383 795 1448 837; x_wconf 90' lang='lat' dir='ltr'>non</span> 
     </span>
     <span class='ocr_line' id='line_1_5' title="bbox 274 878 1450 967; baseline -0.001 -22"><span class='ocrx_word' id='word_1_26' title='bbox 274 885 431 967; x_wconf 88' lang='lat' dir='ltr'>integrum</span> <span class='ocrx_word' id='word_1_27' title='bbox 455 880 544 944; x_wconf 92' lang='lat' dir='ltr'>nobis</span> <span class='ocrx_word' id='word_1_28' title='bbox 570 887 728 944; x_wconf 87' lang='lat' dir='ltr'>servatum</span> <span class='ocrx_word' id='word_1_29' title='bbox 752 901 819 943; x_wconf 85' lang='lat' dir='ltr'>esse</span> <span class='ocrx_word' id='word_1_30' title='bbox 843 878 939 945; x_wconf 81' lang='lat' dir='ltr'>ualde</span> <span class='ocrx_word' id='word_1_31' title='bbox 962 880 1133 943; x_wconf 89' lang='lat' dir='ltr'>dolendum</span> <span class='ocrx_word' id='word_1_32' title='bbox 1156 887 1202 943; x_wconf 91' lang='lat' dir='ltr'>est</span> <span class='ocrx_word' id='word_1_33' title='bbox 1222 881 1450 966; x_wconf 79' lang='lat' dir='ltr'><strong>(undetriginta</strong></span> 
     </span>
     <span class='ocr_line' id='line_1_6' title="bbox 274 985 1448 1073; baseline -0.003 -16"><span class='ocrx_word' id='word_1_34' title='bbox 274 987 309 1057; x_wconf 77' lang='lat' dir='ltr'>i·</span> <span class='ocrx_word' id='word_1_35' title='bbox 323 989 443 1052; x_wconf 80' lang='lat' dir='ltr'>Thestii</span> <span class='ocrx_word' id='word_1_36' title='bbox 466 989 547 1053; x_wconf 88' lang='lat' dir='ltr'>filios</span> <span class='ocrx_word' id='word_1_37' title='bbox 571 985 605 1055; x_wconf 72' lang='lat' dir='ltr'>l</span> <span class='ocrx_word' id='word_1_38' title='bbox 621 988 721 1051; x_wconf 84' lang='lat' dir='ltr'>Parth</span> <span class='ocrx_word' id='word_1_39' title='bbox 741 1038 746 1050; x_wconf 94' lang='lat'>.</span> <span class='ocrx_word' id='word_1_40' title='bbox 769 1040 774 1051; x_wconf 94' lang='lat'><em>.</em></span> <span class='ocrx_word' id='word_1_41' title='bbox 797 1039 803 1051; x_wconf 91' lang='lat'><strong>.</strong></span> <span class='ocrx_word' id='word_1_42' title='bbox 819 989 848 1071; x_wconf 68' lang='lat' dir='ltr'>l,</span> <span class='ocrx_word' id='word_1_43' title='bbox 883 989 1036 1073; x_wconf 92' lang='lat' dir='ltr'>plurimos</span> <span class='ocrx_word' id='word_1_44' title='bbox 1060 1009 1136 1052; x_wconf 84' lang='lat' dir='ltr'>vero</span> <span class='ocrx_word' id='word_1_45' title='bbox 1160 988 1292 1052; x_wconf 88' lang='lat' dir='ltr'>Ovidius</span> <span class='ocrx_word' id='word_1_46' title='bbox 1316 988 1448 1070; x_wconf 81' lang='lat' dir='ltr'>(duode-</span> 
     </span>
     <span class='ocr_line' id='line_1_7' title="bbox 274 1093 1449 1181; baseline -0.001 -21"><span class='ocrx_word' id='word_1_47' title='bbox 274 1096 481 1181; x_wconf 79' lang='lat' dir='ltr'>quadraginta</span> <span class='ocrx_word' id='word_1_48' title='bbox 499 1093 533 1162; x_wconf 67' lang='lat' dir='ltr'>i</span> <span class='ocrx_word' id='word_1_49' title='bbox 548 1095 776 1181; x_wconf 80' lang='lat' dir='ltr'>Hippocoontis</span> <span class='ocrx_word' id='word_1_50' title='bbox 791 1096 872 1159; x_wconf 89' lang='lat' dir='ltr'>filios</span> <span class='ocrx_word' id='word_1_51' title='bbox 889 1094 1117 1178; x_wconf 76' lang='lat' dir='ltr'>[Enaesimum</span> <span class='ocrx_word' id='word_1_52' title='bbox 1132 1118 1162 1159; x_wconf 83' lang='lat' dir='ltr'>v.</span> <span class='ocrx_word' id='word_1_53' title='bbox 1178 1095 1280 1180; x_wconf 77' lang='lat' dir='ltr'>362l),</span> <span class='ocrx_word' id='word_1_54' title='bbox 1295 1099 1347 1181; x_wconf 92' lang='lat' dir='ltr'>qui</span> <span class='ocrx_word' id='word_1_55' title='bbox 1363 1096 1449 1160; x_wconf 89' lang='lat' dir='ltr'>haud</span> 
     </span>
     <span class='ocr_line' id='line_1_8' title="bbox 274 1201 1449 1288; baseline -0.001 -21"><span class='ocrx_word' id='word_1_56' title='bbox 274 1203 312 1267; x_wconf 91' lang='lat' dir='ltr'>de</span> <span class='ocrx_word' id='word_1_57' title='bbox 336 1225 391 1267; x_wconf 92' lang='lat' dir='ltr'>suo</span> <span class='ocrx_word' id='word_1_58' title='bbox 421 1201 542 1266; x_wconf 89' lang='lat' dir='ltr'>addidit</span> <span class='ocrx_word' id='word_1_59' title='bbox 573 1203 720 1266; x_wconf 89' lang='lat' dir='ltr'>obscuros</span> <span class='ocrx_word' id='word_1_60' title='bbox 752 1202 823 1266; x_wconf 91' lang='lat' dir='ltr'>illos</span> <span class='ocrx_word' id='word_1_61' title='bbox 853 1203 964 1267; x_wconf 91' lang='lat' dir='ltr'>heroes</span> <span class='ocrx_word' id='word_1_62' title='bbox 992 1202 1213 1288; x_wconf 81' lang='lat' dir='ltr'>rarissimoque</span> <span class='ocrx_word' id='word_1_63' title='bbox 1242 1205 1337 1266; x_wconf 89' lang='lat' dir='ltr'>lectos</span> <span class='ocrx_word' id='word_1_64' title='bbox 1362 1206 1449 1268; x_wconf 82' lang='lat' dir='ltr'>velut</span> 
     </span>
     <span class='ocr_line' id='line_1_9' title="bbox 272 1308 1273 1396; baseline -0.001 -22"><span class='ocrx_word' id='word_1_65' title='bbox 272 1310 434 1394; x_wconf 88' lang='lat' dir='ltr'>Acastum,</span> <span class='ocrx_word' id='word_1_66' title='bbox 442 1308 468 1393; x_wconf 68' lang='grc'>9)</span> <span class='ocrx_word' id='word_1_67' title='bbox 492 1310 653 1394; x_wconf 89' lang='lat' dir='ltr'>Lelegem,</span> <span class='ocrx_word' id='word_1_68' title='bbox 677 1309 874 1396; x_wconf 89' lang='lat' dir='ltr'>Panopeum,</span> <span class='ocrx_word' id='word_1_69' title='bbox 899 1310 1052 1395; x_wconf 83' lang='lat' dir='ltr'>Hyleum.</span> <span class='ocrx_word' id='word_1_70' title='bbox 1271 1308 1273 1313; x_wconf 76' lang='grc'><strong>’</strong></span> 
     </span>
    </p>

    <p class='ocr_par' dir='ltr' id='par_1_3' title="bbox 274 1416 1448 1589">
     <span class='ocr_line' id='line_1_10' title="bbox 380 1416 1448 1503; baseline 0.001 -22"><span class='ocrx_word' id='word_1_71' title='bbox 380 1418 454 1481; x_wconf 58' lang='lat' dir='ltr'>alam</span> <span class='ocrx_word' id='word_1_72' title='bbox 488 1417 564 1502; x_wconf 90' lang='lat' dir='ltr'>quid</span> <span class='ocrx_word' id='word_1_73' title='bbox 600 1417 638 1481; x_wconf 90' lang='lat' dir='ltr'>de</span> <span class='ocrx_word' id='word_1_74' title='bbox 673 1417 787 1482; x_wconf 90' lang='lat' dir='ltr'>Ovidio</span> <span class='ocrx_word' id='word_1_75' title='bbox 822 1416 986 1503; x_wconf 76' lang='lat' dir='ltr'>Sophoclis</span> <span class='ocrx_word' id='word_1_76' title='bbox 1018 1417 1259 1481; x_wconf 84' lang='lat' dir='ltr'>Trachiniarum</span> <span class='ocrx_word' id='word_1_77' title='bbox 1294 1421 1448 1482; x_wconf 82' lang='lat' dir='ltr'>imitatore</span> 
     </span>
     <span class='ocr_line' id='line_1_11' title="bbox 274 1524 735 1589; baseline 0 -1"><span class='ocrx_word' id='word_1_78' title='bbox 274 1524 474 1589; x_wconf 72' lang='lat' dir='ltr'>statuendum</span> <span class='ocrx_word' id='word_1_79' title='bbox 498 1527 537 1588; x_wconf 91' lang='lat' dir='ltr'>sit</span> <span class='ocrx_word' id='word_1_80' title='bbox 561 1524 735 1589; x_wconf 84' lang='lat' dir='ltr'>videamus.</span> 
     </span>
    </p>

    <p class='ocr_par' dir='ltr' id='par_1_4' title="bbox 271 1631 1448 3194">
     <span class='ocr_line' id='line_1_12' title="bbox 380 1631 1448 1718; baseline 0.002 -24"><span class='ocrx_word' id='word_1_81' title='bbox 380 1631 429 1696; x_wconf 91' lang='lat' dir='ltr'>Ac</span> <span class='ocrx_word' id='word_1_82' title='bbox 455 1635 592 1718; x_wconf 91' lang='lat' dir='ltr'>primum</span> <span class='ocrx_word' id='word_1_83' title='bbox 621 1633 824 1696; x_wconf 90' lang='lat' dir='ltr'>observamus</span> <span class='ocrx_word' id='word_1_84' title='bbox 854 1632 1015 1694; x_wconf 85' lang='lat' dir='ltr'>Nasonem</span> <span class='ocrx_word' id='word_1_85' title='bbox 1046 1633 1236 1696; x_wconf 90' lang='lat' dir='ltr'>lineamenta</span> <span class='ocrx_word' id='word_1_86' title='bbox 1267 1633 1448 1718; x_wconf 85' lang='lat' dir='ltr'>tragoediae</span> 
     </span>
     <span class='ocr_line' id='line_1_13' title="bbox 272 1739 1448 1826; baseline 0 -22"><span class='ocrx_word' id='word_1_87' title='bbox 272 1740 357 1804; x_wconf 89' lang='lat' dir='ltr'>haud</span> <span class='ocrx_word' id='word_1_88' title='bbox 382 1739 551 1824; x_wconf 86' lang='lat' dir='ltr'>diligenter</span> <span class='ocrx_word' id='word_1_89' title='bbox 580 1761 730 1803; x_wconf 85' lang='lat' dir='ltr'>servasse.</span> <span class='ocrx_word' id='word_1_90' title='bbox 779 1739 864 1825; x_wconf 88' lang='lat' dir='ltr'>Apte</span> <span class='ocrx_word' id='word_1_91' title='bbox 893 1739 1021 1824; x_wconf 90' lang='lat' dir='ltr'>quidem</span> <span class='ocrx_word' id='word_1_92' title='bbox 1052 1741 1133 1802; x_wconf 91' lang='lat' dir='ltr'>inter</span> <span class='ocrx_word' id='word_1_93' title='bbox 1163 1761 1196 1802; x_wconf 93' lang='lat' dir='ltr'>se</span> <span class='ocrx_word' id='word_1_94' title='bbox 1228 1748 1448 1826; x_wconf 88' lang='lat' dir='ltr'>comparentur</span> 
     </span>
     <span class='ocr_line' id='line_1_14' title="bbox 273 1845 1448 1933; baseline 0.001 -23"><span class='ocrx_word' id='word_1_95' title='bbox 273 1854 345 1911; x_wconf 91' lang='lat' dir='ltr'>met.</span> <span class='ocrx_word' id='word_1_96' title='bbox 371 1846 423 1910; x_wconf 87' lang='lat' dir='ltr'>IX</span> <span class='ocrx_word' id='word_1_97' title='bbox 455 1848 517 1910; x_wconf 86' lang='lat'>136</span> <span class='ocrx_word' id='word_1_98' title='bbox 550 1854 581 1910; x_wconf 90' lang='lat' dir='ltr'>et</span> <span class='ocrx_word' id='word_1_99' title='bbox 610 1846 722 1909; x_wconf 85' lang='lat' dir='ltr'>Traeh.</span> <span class='ocrx_word' id='word_1_100' title='bbox 750 1847 812 1910; x_wconf 77' lang='lat'>237</span> <span class='ocrx_word' id='word_1_101' title='bbox 843 1867 866 1909; x_wconf 93' lang='lat' dir='ltr'>s.</span> <span class='ocrx_word' id='word_1_102' title='bbox 900 1845 953 1928; x_wconf 83' lang='lat' dir='ltr'>(ef.</span> <span class='ocrx_word' id='word_1_103' title='bbox 980 1846 1070 1910; x_wconf 84' lang='lat' dir='ltr'>Ehw.</span> <span class='ocrx_word' id='word_1_104' title='bbox 1094 1846 1134 1909; x_wconf 88' lang='lat' dir='ltr'>ad</span> <span class='ocrx_word' id='word_1_105' title='bbox 1159 1871 1187 1910; x_wconf 84' lang='lat' dir='ltr'>v.</span> <span class='ocrx_word' id='word_1_106' title='bbox 1214 1848 1302 1931; x_wconf 79' lang='lat'>137),</span> <span class='ocrx_word' id='word_1_107' title='bbox 1334 1849 1448 1933; x_wconf 85' lang='lat' dir='ltr'>quihus</span> 
     </span>
     <span class='ocr_line' id='line_1_15' title="bbox 272 1954 1447 2041; baseline 0.001 -24"><span class='ocrx_word' id='word_1_108' title='bbox 272 1955 391 2041; x_wconf 89' lang='lat' dir='ltr'>pariter</span> <span class='ocrx_word' id='word_1_109' title='bbox 408 1955 580 2017; x_wconf 85' lang='lat' dir='ltr'>Herculem</span> <span class='ocrx_word' id='word_1_110' title='bbox 604 1956 635 2016; x_wconf 92' lang='lat' dir='ltr'>in</span> <span class='ocrx_word' id='word_1_111' title='bbox 651 1954 774 2016; x_wconf 83' lang='lat' dir='ltr'>Cenaeo</span> <span class='ocrx_word' id='word_1_112' title='bbox 798 1955 1017 2038; x_wconf 89' lang='lat' dir='ltr'>promunturio</span> <span class='ocrx_word' id='word_1_113' title='bbox 1042 1975 1130 2016; x_wconf 86' lang='lat' dir='ltr'>saera</span> <span class='ocrx_word' id='word_1_114' title='bbox 1155 1954 1267 2018; x_wconf 83' lang='lat' dir='ltr'>fecisse</span> <span class='ocrx_word' id='word_1_115' title='bbox 1286 1961 1447 2039; x_wconf 62' lang='lat' dir='ltr'>narratum</span> 
     </span>
     <span class='ocr_line' id='line_1_16' title="bbox 274 2059 1446 2147; baseline 0 -22"><span class='ocrx_word' id='word_1_116' title='bbox 274 2059 444 2126; x_wconf 88' lang='lat' dir='ltr'>tenendum</span> <span class='ocrx_word' id='word_1_117' title='bbox 460 2068 564 2124; x_wconf 89' lang='lat' dir='ltr'>tamen</span> <span class='ocrx_word' id='word_1_118' title='bbox 580 2067 637 2143; x_wconf 83' lang='lat' dir='ltr'>est,</span> <span class='ocrx_word' id='word_1_119' title='bbox 658 2060 742 2147; x_wconf 90' lang='lat' dir='ltr'>apud</span> <span class='ocrx_word' id='word_1_120' title='bbox 756 2059 1004 2147; x_wconf 87' lang='lat' dir='ltr'>mythcgraphos</span> <span class='ocrx_word' id='word_1_121' title='bbox 1021 2059 1105 2124; x_wconf 91' lang='lat' dir='ltr'>idem</span> <span class='ocrx_word' id='word_1_122' title='bbox 1122 2063 1184 2145; x_wconf 88' lang='lat' dir='ltr'>legi</span> <span class='ocrx_word' id='word_1_123' title='bbox 1200 2061 1296 2147; x_wconf 87' lang='lat' dir='ltr'>(Apd.</span> <span class='ocrx_word' id='word_1_124' title='bbox 1313 2062 1350 2125; x_wconf 90' lang='grc' dir='ltr'>ΙΙ</span> <span class='ocrx_word' id='word_1_125' title='bbox 1369 2063 1429 2125; x_wconf 82' lang='grc'>157</span> <span class='ocrx_word' id='word_1_126' title='bbox 1438 2087 1446 2147; x_wconf 79' lang='lat'><em>3</em></span> 
     </span>
     <span class='ocr_line' id='line_1_17' title="bbox 273 2167 1447 2254; baseline 0.002 -23"><span class='ocrx_word' id='word_1_127' title='bbox 273 2168 365 2231; x_wconf 93' lang='lat' dir='ltr'>Diod.</span> <span class='ocrx_word' id='word_1_128' title='bbox 384 2169 433 2231; x_wconf 86' lang='lat' dir='ltr'>IV</span> <span class='ocrx_word' id='word_1_129' title='bbox 459 2169 515 2249; x_wconf 76' lang='lat'>373</span> <span class='ocrx_word' id='word_1_130' title='bbox 540 2169 606 2250; x_wconf 84' lang='lat'>38).</span> <span class='ocrx_word' id='word_1_131' title='bbox 631 2167 801 2230; x_wconf 85' lang='lat' dir='ltr'>Manifesto</span> <span class='ocrx_word' id='word_1_132' title='bbox 826 2174 931 2231; x_wconf 88' lang='lat' dir='ltr'>autem</span> <span class='ocrx_word' id='word_1_133' title='bbox 955 2167 1086 2231; x_wconf 88' lang='lat' dir='ltr'>discedit</span> <span class='ocrx_word' id='word_1_134' title='bbox 1102 2168 1234 2233; x_wconf 82' lang='lat' dir='ltr'>Ovidius</span> <span class='ocrx_word' id='word_1_135' title='bbox 1258 2168 1447 2254; x_wconf 78' lang='lat' dir='ltr'>aSophoole</span> 
     </span>
     <span class='ocr_line' id='line_1_18' title="bbox 274 2272 1448 2360; baseline 0.002 -22"><span class='ocrx_word' id='word_1_136' title='bbox 274 2277 307 2339; x_wconf 92' lang='lat' dir='ltr'>in</span> <span class='ocrx_word' id='word_1_137' title='bbox 339 2275 551 2360; x_wconf 80' lang='lat' dir='ltr'>sequentibus.</span> <span class='ocrx_word' id='word_1_138' title='bbox 599 2275 673 2338; x_wconf 90' lang='lat' dir='ltr'>Non</span> <span class='ocrx_word' id='word_1_139' title='bbox 703 2272 772 2337; x_wconf 89' lang='lat' dir='ltr'>dico</span> <span class='ocrx_word' id='word_1_140' title='bbox 803 2273 844 2338; x_wconf 91' lang='lat' dir='ltr'>de</span> <span class='ocrx_word' id='word_1_141' title='bbox 878 2275 1013 2338; x_wconf 86' lang='lat' dir='ltr'>lacrimis</span> <span class='ocrx_word' id='word_1_142' title='bbox 1046 2277 1246 2360; x_wconf 86' lang='lat' dir='ltr'>querelisque</span> <span class='ocrx_word' id='word_1_143' title='bbox 1277 2275 1448 2341; x_wconf 88' lang='lat' dir='ltr'>Deianirae</span> 
     </span>
     <span class='ocr_line' id='line_1_19' title="bbox 272 2381 1448 2467; baseline 0.002 -23"><span class='ocrx_word' id='word_1_144' title='bbox 272 2383 488 2464; x_wconf 75' lang='lat' dir='ltr'>(rar-151),</span> <span class='ocrx_word' id='word_1_145' title='bbox 513 2382 600 2445; x_wconf 88' lang='lat' dir='ltr'>euius</span> <span class='ocrx_word' id='word_1_146' title='bbox 625 2383 657 2444; x_wconf 92' lang='lat' dir='ltr'>in</span> <span class='ocrx_word' id='word_1_147' title='bbox 671 2381 836 2466; x_wconf 85' lang='lat' dir='ltr'>tragoedia</span> <span class='ocrx_word' id='word_1_148' title='bbox 859 2381 1045 2466; x_wconf 89' lang='lat' dir='ltr'>dignitatem</span> <span class='ocrx_word' id='word_1_149' title='bbox 1068 2383 1228 2467; x_wconf 88' lang='lat' dir='ltr'>animique</span> <span class='ocrx_word' id='word_1_150' title='bbox 1249 2383 1448 2446; x_wconf 85' lang='lat' dir='ltr'>altitudinem</span> 
     </span>
     <span class='ocr_line' id='line_1_20' title="bbox 273 2487 1448 2574; baseline 0 -22"><span class='ocrx_word' id='word_1_151' title='bbox 273 2490 437 2571; x_wconf 68' lang='lat' dir='ltr'>miramur,</span> <span class='ocrx_word' id='word_1_152' title='bbox 463 2489 568 2553; x_wconf 89' lang='lat' dir='ltr'>Ovidii</span> <span class='ocrx_word' id='word_1_153' title='bbox 594 2489 678 2551; x_wconf 90' lang='lat' dir='ltr'>enim</span> <span class='ocrx_word' id='word_1_154' title='bbox 694 2509 765 2551; x_wconf 90' lang='lat' dir='ltr'>oum</span> <span class='ocrx_word' id='word_1_155' title='bbox 779 2487 942 2574; x_wconf 84' lang='lat' dir='ltr'>Euripidis</span> <span class='ocrx_word' id='word_1_156' title='bbox 957 2489 1092 2552; x_wconf 89' lang='lat' dir='ltr'>Hecuba</span> <span class='ocrx_word' id='word_1_157' title='bbox 1114 2497 1295 2574; x_wconf 90' lang='lat' dir='ltr'>comparata</span> <span class='ocrx_word' id='word_1_158' title='bbox 1311 2490 1448 2554; x_wconf 86' lang='lat' dir='ltr'>ostendit</span> 
     </span>
     <span class='ocr_line' id='line_1_21' title="bbox 272 2594 1447 2682; baseline 0.002 -23"><span class='ocrx_word' id='word_1_159' title='bbox 272 2595 310 2660; x_wconf 79' lang='lat' dir='ltr'>G.</span> <span class='ocrx_word' id='word_1_160' title='bbox 326 2595 449 2658; x_wconf 90' lang='lat' dir='ltr'>Plaehn</span> <span class='ocrx_word' id='word_1_161' title='bbox 474 2594 526 2676; x_wconf 90' lang='lat' dir='ltr'>(do</span> <span class='ocrx_word' id='word_1_162' title='bbox 550 2595 709 2658; x_wconf 87' lang='lat' dir='ltr'>Nicandro</span> <span class='ocrx_word' id='word_1_163' title='bbox 734 2601 801 2679; x_wconf 87' lang='lat' dir='ltr'>etc,</span> <span class='ocrx_word' id='word_1_164' title='bbox 819 2617 850 2679; x_wconf 93' lang='lat' dir='ltr'>p.</span> <span class='ocrx_word' id='word_1_165' title='bbox 868 2597 886 2658; x_wconf 89' lang='grc'>6</span> <span class='ocrx_word' id='word_1_166' title='bbox 902 2595 941 2677; x_wconf 84' lang='lat' dir='ltr'>s.)</span> <span class='ocrx_word' id='word_1_167' title='bbox 965 2602 1089 2680; x_wconf 91' lang='lat' dir='ltr'>poetam</span> <span class='ocrx_word' id='word_1_168' title='bbox 1105 2597 1284 2659; x_wconf 86' lang='lat' dir='ltr'>Romanum</span> <span class='ocrx_word' id='word_1_169' title='bbox 1312 2597 1447 2682; x_wconf 87' lang='lat' dir='ltr'>,ubique</span> 
     </span>
     <span class='ocr_line' id='line_1_22' title="bbox 272 2702 1446 2790; baseline 0 -24"><span class='ocrx_word' id='word_1_170' title='bbox 272 2703 401 2767; x_wconf 89' lang='lat' dir='ltr'>affectus</span> <span class='ocrx_word' id='word_1_171' title='bbox 418 2723 513 2787; x_wconf 90' lang='lat' dir='ltr'>quam</span> <span class='ocrx_word' id='word_1_172' title='bbox 527 2702 799 2769; x_wconf 81' lang='lat' dir='ltr'>vehementissime</span> <span class='ocrx_word' id='word_1_173' title='bbox 819 2722 936 2786; x_wconf 89' lang='lat' dir='ltr'>augere</span> <span class='ocrx_word' id='word_1_174' title='bbox 953 2709 985 2765; x_wconf 89' lang='lat' dir='ltr'>et</span> <span class='ocrx_word' id='word_1_175' title='bbox 999 2704 1221 2788; x_wconf 87' lang='lat' dir='ltr'>amplificare.“</span> <span class='ocrx_word' id='word_1_176' title='bbox 1248 2703 1311 2768; x_wconf 80' lang='lat' dir='ltr'>Sed</span> <span class='ocrx_word' id='word_1_177' title='bbox 1329 2706 1446 2790; x_wconf 90' lang='lat' dir='ltr'>inspico</span> 
     </span>
     <span class='ocr_line' id='line_1_23' title="bbox 271 2810 1446 2895; baseline 0.002 -22"><span class='ocrx_word' id='word_1_178' title='bbox 271 2817 350 2875; x_wconf 90' lang='lat' dir='ltr'>met.&#39;</span> <span class='ocrx_word' id='word_1_179' title='bbox 362 2810 424 2872; x_wconf 77' lang='lat'>145</span> <span class='ocrx_word' id='word_1_180' title='bbox 449 2833 484 2892; x_wconf 88' lang='lat' dir='ltr'>s.,</span> <span class='ocrx_word' id='word_1_181' title='bbox 509 2830 570 2894; x_wconf 93' lang='lat' dir='ltr'>quo</span> <span class='ocrx_word' id='word_1_182' title='bbox 595 2832 636 2873; x_wconf 90' lang='lat' dir='ltr'>ex</span> <span class='ocrx_word' id='word_1_183' title='bbox 660 2811 727 2873; x_wconf 91' lang='lat' dir='ltr'>loco</span> <span class='ocrx_word' id='word_1_184' title='bbox 742 2816 883 2895; x_wconf 88' lang='lat' dir='ltr'>apparet,</span> <span class='ocrx_word' id='word_1_185' title='bbox 910 2810 1028 2872; x_wconf 84' lang='lat' dir='ltr'>famam</span> <span class='ocrx_word' id='word_1_186' title='bbox 1044 2810 1083 2872; x_wconf 91' lang='lat' dir='ltr'>de</span> <span class='ocrx_word' id='word_1_187' title='bbox 1098 2811 1247 2874; x_wconf 90' lang='lat' dir='ltr'>Herculis</span> <span class='ocrx_word' id='word_1_188' title='bbox 1261 2810 1446 2875; x_wconf 87' lang='lat' dir='ltr'>infidelitate</span> 
     </span>
     <span class='ocr_line' id='line_1_24' title="bbox 272 2916 1447 3002; baseline 0.002 -22"><span class='ocrx_word' id='word_1_189' title='bbox 272 2916 312 2980; x_wconf 92' lang='lat' dir='ltr'>ad</span> <span class='ocrx_word' id='word_1_190' title='bbox 344 2917 526 2979; x_wconf 89' lang='lat' dir='ltr'>Deianiram</span> <span class='ocrx_word' id='word_1_191' title='bbox 556 2919 748 3002; x_wconf 86' lang='lat' dir='ltr'>pervenisse,</span> <span class='ocrx_word' id='word_1_192' title='bbox 787 2923 958 3002; x_wconf 89' lang='lat' dir='ltr'>antequam</span> <span class='ocrx_word' id='word_1_193' title='bbox 989 2918 1060 2981; x_wconf 91' lang='lat' dir='ltr'>Iola</span> <span class='ocrx_word' id='word_1_194' title='bbox 1094 2917 1251 2981; x_wconf 86' lang='lat' dir='ltr'>Trachina</span> <span class='ocrx_word' id='word_1_195' title='bbox 1284 2919 1447 2984; x_wconf 84' lang='lat' dir='ltr'>advenerit</span> 
     </span>
     <span class='ocr_line' id='line_1_25' title="bbox 273 3023 1447 3112; baseline 0.003 -26"><span class='ocrx_word' id='word_1_196' title='bbox 273 3023 326 3106; x_wconf 84' lang='lat' dir='ltr'>(ef.</span> <span class='ocrx_word' id='word_1_197' title='bbox 346 3023 437 3087; x_wconf 84' lang='lat' dir='ltr'>Ehw.</span> <span class='ocrx_word' id='word_1_198' title='bbox 463 3023 503 3086; x_wconf 90' lang='lat' dir='ltr'>ad</span> <span class='ocrx_word' id='word_1_199' title='bbox 527 3047 556 3088; x_wconf 90' lang='lat' dir='ltr'>v.</span> <span class='ocrx_word' id='word_1_200' title='bbox 583 3025 674 3107; x_wconf 83' lang='lat'>136),</span> <span class='ocrx_word' id='word_1_201' title='bbox 706 3045 777 3086; x_wconf 90' lang='lat' dir='ltr'>oum</span> <span class='ocrx_word' id='word_1_202' title='bbox 807 3026 840 3087; x_wconf 90' lang='lat' dir='ltr'>in</span> <span class='ocrx_word' id='word_1_203' title='bbox 869 3024 1034 3109; x_wconf 88' lang='lat' dir='ltr'>tragoedia</span> <span class='ocrx_word' id='word_1_204' title='bbox 1063 3023 1215 3088; x_wconf 89' lang='lat' dir='ltr'>Deianira</span> <span class='ocrx_word' id='word_1_205' title='bbox 1245 3046 1349 3088; x_wconf 91' lang='lat' dir='ltr'>coram</span> <span class='ocrx_word' id='word_1_206' title='bbox 1379 3028 1447 3112; x_wconf 89' lang='lat' dir='ltr'>ipsa</span> 
     </span>
     <span class='ocr_line' id='line_1_26' title="bbox 272 3130 573 3194; baseline -0.003 0"><span class='ocrx_word' id='word_1_207' title='bbox 272 3131 342 3194; x_wconf 89' lang='lat' dir='ltr'>Iola</span> <span class='ocrx_word' id='word_1_208' title='bbox 365 3150 432 3193; x_wconf 88' lang='lat' dir='ltr'>rem</span> <span class='ocrx_word' id='word_1_209' title='bbox 456 3130 573 3194; x_wconf 87' lang='lat' dir='ltr'>audiat.</span> 
     </span>
    </p>

    <p class='ocr_par' dir='ltr' id='par_1_5' title="bbox 378 3235 1445 3325">
     <span class='ocr_line' id='line_1_27' title="bbox 378 3235 1445 3325; baseline 0.002 -25"><span class='ocrx_word' id='word_1_210' title='bbox 378 3235 452 3300; x_wconf 86' lang='lat' dir='ltr'>Alia</span> <span class='ocrx_word' id='word_1_211' title='bbox 477 3243 523 3300; x_wconf 90' lang='lat' dir='ltr'>est</span> <span class='ocrx_word' id='word_1_212' title='bbox 547 3237 766 3323; x_wconf 80' lang='lat' dir='ltr'>discrepantia,</span> <span class='ocrx_word' id='word_1_213' title='bbox 792 3238 877 3322; x_wconf 88' lang='lat' dir='ltr'>quod</span> <span class='ocrx_word' id='word_1_214' title='bbox 901 3238 1034 3302; x_wconf 85' lang='lat' dir='ltr'>Ovidius</span> <span class='ocrx_word' id='word_1_215' title='bbox 1058 3239 1194 3324; x_wconf 78' lang='lat' dir='ltr'>Hyllum</span> <span class='ocrx_word' id='word_1_216' title='bbox 1218 3240 1327 3324; x_wconf 89' lang='lat' dir='ltr'>filium,</span> <span class='ocrx_word' id='word_1_217' title='bbox 1353 3260 1445 3325; x_wconf 92' lang='lat' dir='ltr'>quem</span> 
     </span>
    </p>
   </div>
   <div class='ocr_carea' id='block_1_3' title="bbox 270 3376 1446 4431">
    <p class='ocr_par' dir='ltr' id='par_1_6' title="bbox 271 3376 1446 3713">
     <span class='ocr_line' id='line_1_28' title="bbox 271 3376 1445 3447; baseline 0 -16"><span class='ocrx_word' id='word_1_218' title='bbox 271 3377 342 3447; x_wconf 89' lang='lat' dir='ltr'>apud</span> <span class='ocrx_word' id='word_1_219' title='bbox 362 3378 485 3432; x_wconf 88' lang='lat' dir='ltr'>Ovidium</span> <span class='ocrx_word' id='word_1_220' title='bbox 510 3376 692 3431; x_wconf 88' lang='lat' dir='ltr'>desiderantur</span> <span class='ocrx_word' id='word_1_221' title='bbox 716 3379 796 3446; x_wconf 87' lang='lat' dir='ltr'>(sieut</span> <span class='ocrx_word' id='word_1_222' title='bbox 820 3380 1008 3447; x_wconf 89' lang='lat' dir='ltr'>Aesculapium</span> <span class='ocrx_word' id='word_1_223' title='bbox 1034 3381 1177 3447; x_wconf 85' lang='lat' dir='ltr'>Apollinis,</span> <span class='ocrx_word' id='word_1_224' title='bbox 1197 3382 1325 3433; x_wconf 87' lang='lat' dir='ltr'>Alconem</span> <span class='ocrx_word' id='word_1_225' title='bbox 1343 3382 1445 3446; x_wconf 86' lang='lat' dir='ltr'>Martis,</span> 
     </span>
     <span class='ocr_line' id='line_1_29' title="bbox 271 3467 1446 3536; baseline 0.001 -16"><span class='ocrx_word' id='word_1_226' title='bbox 271 3468 439 3536; x_wconf 84' lang='lat' dir='ltr'>Euphemum</span> <span class='ocrx_word' id='word_1_227' title='bbox 464 3467 591 3535; x_wconf 86' lang='lat' dir='ltr'>Neptuni,</span> <span class='ocrx_word' id='word_1_228' title='bbox 618 3467 808 3520; x_wconf 88' lang='lat' dir='ltr'>Deucalionem</span> <span class='ocrx_word' id='word_1_229' title='bbox 833 3469 944 3536; x_wconf 88' lang='lat' dir='ltr'>Minois)</span> <span class='ocrx_word' id='word_1_230' title='bbox 968 3485 1053 3536; x_wconf 89' lang='lat' dir='ltr'>neque</span> <span class='ocrx_word' id='word_1_231' title='bbox 1082 3468 1146 3522; x_wconf 91' lang='lat' dir='ltr'>ordo</span> <span class='ocrx_word' id='word_1_232' title='bbox 1166 3472 1300 3522; x_wconf 89' lang='lat' dir='ltr'>nominum</span> <span class='ocrx_word' id='word_1_233' title='bbox 1319 3468 1388 3522; x_wconf 88' lang='lat' dir='ltr'>idem</span> <span class='ocrx_word' id='word_1_234' title='bbox 1407 3474 1446 3521; x_wconf 91' lang='lat' dir='ltr'>est</span> 
     </span>
     <span class='ocr_line' id='line_1_30' title="bbox 271 3556 1444 3627; baseline -0.001 -17"><span class='ocrx_word' id='word_1_235' title='bbox 271 3564 349 3625; x_wconf 88' lang='lat' dir='ltr'>atque</span> <span class='ocrx_word' id='word_1_236' title='bbox 363 3559 388 3608; x_wconf 89' lang='lat' dir='ltr'>in</span> <span class='ocrx_word' id='word_1_237' title='bbox 402 3558 510 3610; x_wconf 89' lang='lat' dir='ltr'>Metam.</span> <span class='ocrx_word' id='word_1_238' title='bbox 530 3557 622 3624; x_wconf 88' lang='lat' dir='ltr'>ltaque</span> <span class='ocrx_word' id='word_1_239' title='bbox 635 3562 706 3609; x_wconf 89' lang='lat' dir='ltr'>recte</span> <span class='ocrx_word' id='word_1_240' title='bbox 725 3559 762 3610; x_wconf 91' lang='lat' dir='ltr'>M.</span> <span class='ocrx_word' id='word_1_241' title='bbox 778 3556 898 3610; x_wconf 86' lang='lat' dir='ltr'>Schmidt</span> <span class='ocrx_word' id='word_1_242' title='bbox 911 3559 979 3610; x_wconf 90' lang='lat' dir='ltr'>inter</span> <span class='ocrx_word' id='word_1_243' title='bbox 1000 3559 1177 3626; x_wconf 85' lang='lat' dir='ltr'>„Plexippns“</span> <span class='ocrx_word' id='word_1_244' title='bbox 1197 3565 1224 3611; x_wconf 92' lang='lat' dir='ltr'>et</span> <span class='ocrx_word' id='word_1_245' title='bbox 1243 3559 1361 3627; x_wconf 85' lang='lat' dir='ltr'>,Thestii</span> <span class='ocrx_word' id='word_1_246' title='bbox 1380 3558 1444 3610; x_wconf 87' lang='lat' dir='ltr'>filii“</span> 
     </span>
     <span class='ocr_line' id='line_1_31' title="bbox 271 3644 903 3713; baseline 0 -15"><span class='ocrx_word' id='word_1_247' title='bbox 271 3647 443 3713; x_wconf 85' lang='lat' dir='ltr'>interpolatos</span> <span class='ocrx_word' id='word_1_248' title='bbox 463 3661 519 3698; x_wconf 88' lang='lat' dir='ltr'>esse</span> <span class='ocrx_word' id='word_1_249' title='bbox 539 3644 631 3698; x_wconf 91' lang='lat' dir='ltr'>ldeum</span> <span class='ocrx_word' id='word_1_250' title='bbox 650 3647 783 3713; x_wconf 83' lang='lat' dir='ltr'>Lynceum</span> <span class='ocrx_word' id='word_1_251' title='bbox 804 3649 903 3698; x_wconf 87' lang='lat' dir='ltr'>statuit.</span> 
     </span>
    </p>

    <p class='ocr_par' dir='ltr' id='par_1_7' title="bbox 270 3734 1446 4431">
     <span class='ocr_line' id='line_1_32' title="bbox 378 3734 1445 3805; baseline 0.001 -17"><span class='ocrx_word' id='word_1_252' title='bbox 378 3735 400 3804; x_wconf 68' lang='grc'>9)</span> <span class='ocrx_word' id='word_1_253' title='bbox 420 3735 490 3788; x_wconf 89' lang='lat' dir='ltr'>Vasa</span> <span class='ocrx_word' id='word_1_254' title='bbox 519 3735 592 3802; x_wconf 89' lang='lat' dir='ltr'>picta</span> <span class='ocrx_word' id='word_1_255' title='bbox 623 3735 750 3787; x_wconf 86' lang='lat' dir='ltr'>nonnulla</span> <span class='ocrx_word' id='word_1_256' title='bbox 780 3734 877 3788; x_wconf 89' lang='lat' dir='ltr'>docent</span> <span class='ocrx_word' id='word_1_257' title='bbox 908 3753 974 3803; x_wconf 89' lang='lat' dir='ltr'>quae</span> <span class='ocrx_word' id='word_1_258' title='bbox 1003 3736 1113 3805; x_wconf 88' lang='lat' dir='ltr'>praebet</span> <span class='ocrx_word' id='word_1_259' title='bbox 1144 3736 1255 3790; x_wconf 86' lang='lat' dir='ltr'>Ovidius</span> <span class='ocrx_word' id='word_1_260' title='bbox 1291 3745 1445 3789; x_wconf 71' lang='lat' dir='ltr'>tentatorum</span> 
     </span>
     <span class='ocr_line' id='line_1_33' title="bbox 272 3823 1445 3894; baseline 0.001 -17"><span class='ocrx_word' id='word_1_261' title='bbox 272 3826 378 3878; x_wconf 87' lang='lat' dir='ltr'>uomina</span> <span class='ocrx_word' id='word_1_262' title='bbox 397 3841 429 3877; x_wconf 89' lang='lat' dir='ltr'>ex</span> <span class='ocrx_word' id='word_1_263' title='bbox 448 3823 520 3878; x_wconf 88' lang='lat' dir='ltr'>fonte</span> <span class='ocrx_word' id='word_1_264' title='bbox 540 3823 617 3877; x_wconf 90' lang='lat' dir='ltr'>docto</span> <span class='ocrx_word' id='word_1_265' title='bbox 637 3830 741 3892; x_wconf 87' lang='lat' dir='ltr'>sumpta</span> <span class='ocrx_word' id='word_1_266' title='bbox 755 3841 818 3877; x_wconf 90' lang='lat' dir='ltr'>esse.</span> <span class='ocrx_word' id='word_1_267' title='bbox 839 3825 878 3879; x_wconf 91' lang='lat' dir='ltr'>Ita</span> <span class='ocrx_word' id='word_1_268' title='bbox 900 3827 1022 3894; x_wconf 83' lang='lat' dir='ltr'>leguntur</span> <span class='ocrx_word' id='word_1_269' title='bbox 1036 3829 1061 3878; x_wconf 89' lang='lat' dir='ltr'>in</span> <span class='ocrx_word' id='word_1_270' title='bbox 1076 3842 1137 3879; x_wconf 90' lang='lat' dir='ltr'>vase</span> <span class='ocrx_word' id='word_1_271' title='bbox 1150 3826 1221 3894; x_wconf 90' lang='lat' dir='ltr'>quod</span> <span class='ocrx_word' id='word_1_272' title='bbox 1234 3826 1332 3879; x_wconf 89' lang='lat' dir='ltr'>dicitur</span> <span class='ocrx_word' id='word_1_273' title='bbox 1347 3826 1445 3894; x_wconf 85' lang='lat' dir='ltr'>,Fran-</span> 
     </span>
     <span class='ocr_line' id='line_1_34' title="bbox 272 3913 1445 3983; baseline 0 -15"><span class='ocrx_word' id='word_1_274' title='bbox 272 3915 405 3982; x_wconf 74' lang='lat' dir='ltr'>eoisvase“</span> <span class='ocrx_word' id='word_1_275' title='bbox 430 3913 523 3966; x_wconf 88' lang='lat' dir='ltr'>heroes</span> <span class='ocrx_word' id='word_1_276' title='bbox 546 3915 591 3981; x_wconf 90' lang='lat' dir='ltr'>qui</span> <span class='ocrx_word' id='word_1_277' title='bbox 616 3914 695 3966; x_wconf 86' lang='lat' dir='ltr'>etiam</span> <span class='ocrx_word' id='word_1_278' title='bbox 720 3914 752 3966; x_wconf 90' lang='lat' dir='ltr'>ab</span> <span class='ocrx_word' id='word_1_279' title='bbox 773 3913 868 3968; x_wconf 76' lang='lat' dir='ltr'>OvidIe</span> <span class='ocrx_word' id='word_1_280' title='bbox 893 3922 1079 3968; x_wconf 89' lang='lat' dir='ltr'>enumerantur</span> <span class='ocrx_word' id='word_1_281' title='bbox 1102 3915 1143 3967; x_wconf 91' lang='lat' dir='ltr'>hi:</span> <span class='ocrx_word' id='word_1_282' title='bbox 1169 3916 1304 3983; x_wconf 84' lang='lat' dir='ltr'>Meleager</span> <span class='ocrx_word' id='word_1_283' title='bbox 1323 3918 1445 3968; x_wconf 88' lang='lat' dir='ltr'>Ancaeus</span> 
     </span>
     <span class='ocr_line' id='line_1_35' title="bbox 271 4001 1445 4072; baseline 0.001 -16"><span class='ocrx_word' id='word_1_284' title='bbox 271 4003 400 4056; x_wconf 89' lang='lat' dir='ltr'>Admetus</span> <span class='ocrx_word' id='word_1_285' title='bbox 428 4001 525 4056; x_wconf 84' lang='lat' dir='ltr'>Peleus</span> <span class='ocrx_word' id='word_1_286' title='bbox 553 4003 646 4055; x_wconf 84' lang='lat' dir='ltr'>Castor</span> <span class='ocrx_word' id='word_1_287' title='bbox 673 4003 770 4055; x_wconf 86' lang='lat' dir='ltr'>Pollux</span> <span class='ocrx_word' id='word_1_288' title='bbox 798 4006 924 4057; x_wconf 87' lang='lat' dir='ltr'>Atalanta</span> <span class='ocrx_word' id='word_1_289' title='bbox 950 4008 1074 4072; x_wconf 71' lang='lat' dir='ltr'>Acastus,</span> <span class='ocrx_word' id='word_1_290' title='bbox 1103 4007 1165 4057; x_wconf 90' lang='lat' dir='ltr'>item</span> <span class='ocrx_word' id='word_1_291' title='bbox 1191 4006 1216 4056; x_wconf 89' lang='lat' dir='ltr'>in</span> <span class='ocrx_word' id='word_1_292' title='bbox 1243 4021 1304 4057; x_wconf 89' lang='lat' dir='ltr'>vase</span> <span class='ocrx_word' id='word_1_293' title='bbox 1331 4004 1445 4071; x_wconf 88' lang='lat' dir='ltr'>quodam</span> 
     </span>
     <span class='ocr_line' id='line_1_36' title="bbox 270 4093 1446 4162; baseline 0.001 -17"><span class='ocrx_word' id='word_1_294' title='bbox 270 4093 345 4146; x_wconf 88' lang='lat' dir='ltr'>fictili</span> <span class='ocrx_word' id='word_1_295' title='bbox 369 4094 395 4144; x_wconf 92' lang='lat' dir='ltr'>in</span> <span class='ocrx_word' id='word_1_296' title='bbox 419 4093 568 4158; x_wconf 88' lang='lat' dir='ltr'>antiquario</span> <span class='ocrx_word' id='word_1_297' title='bbox 592 4093 747 4146; x_wconf 89' lang='lat' dir='ltr'>Monacensi</span> <span class='ocrx_word' id='word_1_298' title='bbox 771 4101 874 4146; x_wconf 87' lang='lat' dir='ltr'>servato</span> <span class='ocrx_word' id='word_1_299' title='bbox 898 4093 933 4160; x_wconf 87' lang='lat' dir='ltr'>(v.</span> <span class='ocrx_word' id='word_1_300' title='bbox 954 4094 1060 4159; x_wconf 86' lang='lat' dir='ltr'>Surber,</span> <span class='ocrx_word' id='word_1_301' title='bbox 1081 4095 1096 4146; x_wconf 94' lang='lat' dir='ltr'>l.</span> <span class='ocrx_word' id='word_1_302' title='bbox 1112 4095 1128 4146; x_wconf 93' lang='lat' dir='ltr'>l.</span> <span class='ocrx_word' id='word_1_303' title='bbox 1143 4112 1167 4161; x_wconf 90' lang='lat' dir='ltr'>p.</span> <span class='ocrx_word' id='word_1_304' title='bbox 1182 4097 1216 4147; x_wconf 80' lang='lat'>99</span> <span class='ocrx_word' id='word_1_305' title='bbox 1239 4094 1284 4161; x_wconf 83' lang='lat' dir='ltr'>s.):</span> <span class='ocrx_word' id='word_1_306' title='bbox 1311 4095 1446 4162; x_wconf 85' lang='lat' dir='ltr'>Meleager</span> 
     </span>
     <span class='ocr_line' id='line_1_37' title="bbox 272 4181 1446 4250; baseline 0.001 -16"><span class='ocrx_word' id='word_1_307' title='bbox 272 4184 365 4235; x_wconf 80' lang='lat' dir='ltr'>Castor</span> <span class='ocrx_word' id='word_1_308' title='bbox 387 4181 485 4234; x_wconf 87' lang='lat' dir='ltr'>Pollux</span> <span class='ocrx_word' id='word_1_309' title='bbox 508 4182 626 4248; x_wconf 91' lang='lat' dir='ltr'>Mopsus.</span> <span class='ocrx_word' id='word_1_310' title='bbox 664 4183 704 4233; x_wconf 91' lang='lat' dir='ltr'>Ae</span> <span class='ocrx_word' id='word_1_311' title='bbox 727 4188 874 4250; x_wconf 87' lang='lat' dir='ltr'>praeterea,</span> <span class='ocrx_word' id='word_1_312' title='bbox 900 4185 967 4234; x_wconf 89' lang='lat' dir='ltr'>sicut</span> <span class='ocrx_word' id='word_1_313' title='bbox 994 4182 1104 4235; x_wconf 88' lang='lat' dir='ltr'>Ovidius</span> <span class='ocrx_word' id='word_1_314' title='bbox 1127 4200 1150 4234; x_wconf 94' lang='lat' dir='ltr'>v.</span> <span class='ocrx_word' id='word_1_315' title='bbox 1165 4185 1216 4235; x_wconf 81' lang='lat'>378</span> <span class='ocrx_word' id='word_1_316' title='bbox 1234 4199 1266 4235; x_wconf 95' lang='lat' dir='ltr'>ss.</span> <span class='ocrx_word' id='word_1_317' title='bbox 1287 4183 1396 4236; x_wconf 89' lang='lat' dir='ltr'>Peleum</span> <span class='ocrx_word' id='word_1_318' title='bbox 1419 4190 1446 4235; x_wconf 90' lang='lat' dir='ltr'>et</span> 
     </span>
     <span class='ocr_line' id='line_1_38' title="bbox 272 4268 1446 4339; baseline 0 -16"><span class='ocrx_word' id='word_1_319' title='bbox 272 4272 449 4336; x_wconf 86' lang='lat' dir='ltr'>Telamonem,</span> <span class='ocrx_word' id='word_1_320' title='bbox 468 4269 618 4338; x_wconf 82' lang='lat' dir='ltr'>pernobile</span> <span class='ocrx_word' id='word_1_321' title='bbox 637 4268 755 4335; x_wconf 88' lang='lat' dir='ltr'>fratrum,</span> <span class='ocrx_word' id='word_1_322' title='bbox 776 4270 889 4337; x_wconf 83' lang='lat' dir='ltr'>induxit,</span> <span class='ocrx_word' id='word_1_323' title='bbox 909 4273 947 4323; x_wconf 85' lang='lat' dir='ltr'>ita</span> <span class='ocrx_word' id='word_1_324' title='bbox 960 4272 1060 4339; x_wconf 84' lang='lat' dir='ltr'>Scopas</span> <span class='ocrx_word' id='word_1_325' title='bbox 1073 4273 1226 4324; x_wconf 72' lang='lat' dir='ltr'>coniuratos</span> <span class='ocrx_word' id='word_1_326' title='bbox 1247 4288 1291 4325; x_wconf 89' lang='lat' dir='ltr'>eos</span> <span class='ocrx_word' id='word_1_327' title='bbox 1311 4271 1446 4324; x_wconf 87' lang='lat' dir='ltr'>effinxerat</span> 
     </span>
     <span class='ocr_line' id='line_1_39' title="bbox 272 4359 1444 4431; baseline 0 -20"><span class='ocrx_word' id='word_1_328' title='bbox 272 4360 393 4412; x_wconf 87' lang='lat' dir='ltr'>Athenae</span> <span class='ocrx_word' id='word_1_329' title='bbox 412 4361 438 4411; x_wconf 93' lang='lat' dir='ltr'>iu</span> <span class='ocrx_word' id='word_1_330' title='bbox 458 4361 556 4426; x_wconf 87' lang='lat' dir='ltr'>templo</span> <span class='ocrx_word' id='word_1_331' title='bbox 576 4359 705 4426; x_wconf 87' lang='lat' dir='ltr'>Tegeaeo,</span> <span class='ocrx_word' id='word_1_332' title='bbox 725 4361 799 4412; x_wconf 87' lang='lat' dir='ltr'>cuius</span> <span class='ocrx_word' id='word_1_333' title='bbox 824 4361 850 4411; x_wconf 91' lang='lat' dir='ltr'>in</span> <span class='ocrx_word' id='word_1_334' title='bbox 875 4369 999 4430; x_wconf 86' lang='lat' dir='ltr'>tympano</span> <span class='ocrx_word' id='word_1_335' title='bbox 1019 4360 1165 4430; x_wconf 88' lang='lat' dir='ltr'>sculpserat</span> <span class='ocrx_word' id='word_1_336' title='bbox 1183 4362 1349 4414; x_wconf 84' lang='lat' dir='ltr'>venationem</span> <span class='ocrx_word' id='word_1_337' title='bbox 1369 4360 1444 4431; x_wconf 88' lang='lat' dir='ltr'>Caly·</span> 
     </span>
    </p>
   </div>
   <div class='ocr_carea' id='block_1_4' title="bbox 272 4447 775 4521">
    <p class='ocr_par' dir='ltr' id='par_1_8' title="bbox 272 4447 775 4521">
     <span class='ocr_line' id='line_1_40' title="bbox 272 4447 775 4521; baseline -0.01 -15"><span class='ocrx_word' id='word_1_338' title='bbox 272 4448 377 4505; x_wconf 84' lang='lat' dir='ltr'>doniam</span> <span class='ocrx_word' id='word_1_339' title='bbox 396 4447 440 4518; x_wconf 86' lang='lat' dir='ltr'>(ct.</span> <span class='ocrx_word' id='word_1_340' title='bbox 456 4449 534 4506; x_wconf 88' lang='lat' dir='ltr'>Paus.</span> <span class='ocrx_word' id='word_1_341' title='bbox 551 4447 616 4504; x_wconf 85' lang='lat' dir='ltr'>VIII</span> <span class='ocrx_word' id='word_1_342' title='bbox 637 4451 678 4516; x_wconf 78' lang='lat'>45,</span> <span class='ocrx_word' id='word_1_343' title='bbox 699 4451 714 4500; x_wconf 84' lang='grc'>6</span> <span class='ocrx_word' id='word_1_344' title='bbox 734 4449 775 4521; x_wconf 84' lang='lat' dir='ltr'>s).</span> 
     </span>
    </p>
   </div>
   <div class='ocr_carea' id='block_1_5' title="bbox 0 0 1680 5184">
    <p class='ocr_par' dir='ltr' id='par_1_9' title="bbox 0 0 1680 5184">
     <span class='ocr_line' id='line_1_41' title="bbox 0 0 1680 5184; baseline 0 0"><span class='ocrx_word' id='word_1_345' title='bbox 0 0 1680 5184; x_wconf 95' lang='lat' dir='ltr'> </span> 
     </span>
    </p>
   </div>
  </div>
 </body>
</html>
