3350 5184
678 411 896 477 ..51-

200 610 345 694 seligeret
368 617 502 695 apteque
527 611 607 673 inter
624 630 657 673 se
671 615 869 674 connecteret
892 609 1017 673 fabulas
1041 609 1081 672 de
1095 609 1235 674 Hercule
1260 618 1292 674 et
1306 609 1372 674 Me-

199 716 318 801 leagro,
348 717 481 780 eundern
510 718 598 780 illum
626 716 743 781 librum
772 719 958 802 inspexisse.
1005 716 1067 780 Sed
1098 725 1133 780 ut
1161 716 1373 781 dissimularet

199 843 293 907 quam
309 824 443 909 simplici
457 823 549 887 mede
574 824 701 888 fabulae
725 826 907 888 coniunctae
928 832 1041 906 essent,
1066 825 1148 888 inter
1160 824 1314 910 Meleagri
1338 832 1370 888 et

199 929 346 994 Herculis
378 951 426 994 res
458 933 586 994 inseruit
617 930 732 994 Thesei
763 933 917 995 socierum
949 930 1155 1016 Achelcique,
1189 931 1274 1017 quod
1305 934 1372 1016 ipse

198 1037 299 1121 finxit,
325 1039 515 1124 colloquium
537 1045 569 1101 et
584 1040 693 1123 longas
709 1060 818 1102 eorum
832 1038 1015 1124 lepidaeque
1031 1041 1236 1103 narrationes.
1261 1037 1368 1123 Atque
1412 1085 1415 1092 .

199 1151 299 1207 astuto
323 1142 455 1208 Ovidius
479 1166 545 1208 rem
570 1148 612 1209 ita
636 1147 778 1226 instituit,
808 1153 843 1208 ut
872 1168 934 1209 nen
958 1147 1059 1209 selum
1083 1145 1210 1209 fabulae
1235 1167 1253 1208 a
1277 1145 1371 1230 Caly-

199 1250 299 1313 deniis
328 1251 557 1338 Herculeisque
586 1274 712 1338 prorsus
741 1254 864 1316 alienae
895 1254 975 1316 inter
1006 1254 1115 1338 epulas
1143 1252 1370 1337 proferrentur,

199 1356 373 1421 sedetiam
397 1358 555 1443 Herculis,
581 1381 661 1445 quae
685 1367 778 1445 pecta
805 1359 971 1424 adnectere
995 1361 1104 1441 veluit,
1134 1361 1288 1422 factorum
1313 1361 1370 1422 ini-

198 1466 285 1548 tium,
310 1487 417 1550 pugna
446 1467 562 1529 scilieet
586 1467 734 1530 Herculis
763 1488 834 1530 cum
857 1466 1008 1549 Acheloe,
1036 1467 1076 1531 ab
1107 1466 1175 1552 ipse
1198 1467 1285 1529 fluvii
1312 1465 1370 1528 dee

198 1572 422 1656 explicaretur,
447 1593 509 1656 quc
525 1574 643 1636 iactum
660 1579 715 1655 cst,
740 1581 774 1637 ut
798 1574 1021 1637 iucundissime
1037 1573 1157 1637 medias
1176 1574 1209 1635 in
1223 1573 1371 1635 Herculis

198 1698 246 1740 res
272 1680 402 1743 lectores
426 1680 676 1744 traducerentur.

304 1784 367 1849 Sed
390 1786 468 1850 haec
490 1787 655 1871 hactenns;
679 1787 844 1852 videamus
867 1788 939 1873 iam,
965 1787 1121 1874 quemodo
1138 1787 1269 1851 Ovidius
1287 1787 1369 1850 Her-

198 1893 275 1954 culis
299 1914 404 1957 rerum
428 1901 588 1978 gestarum
612 1896 725 1958 seriem
749 1892 789 1957 ad
813 1896 907 1959 finem
930 1893 1125 1980 perduxerit.

304 1999 453 2063 Herculis
484 2002 587 2063 exitus
616 2001 857 2086 apotheosisquc
889 2001 1031 2065 fabulam
1062 2006 1235 2086 sequuntur
1263 2021 1371 2064 narra·

198 2105 296 2168 tiones
321 2105 360 2168 de
377 2106 566 2169 Galanthide
592 2106 656 2188 (IX
680 2106 899 2189 281-323)³)
923 2116 953 2171 et
977 2108 1016 2171 de
1031 2107 1163 2194 Dryope
1180 2107 1245 2189 (IX
1261 2108 1371 2170 326-

198 2211 303 2296 393y4)
329 2215 371 2276 sic
396 2216 477 2277 inter
500 2236 533 2278 sc
564 2215 738 2300 copulatae,
769 2224 804 2278 ut
832 2217 919 2278 illam
947 2215 1077 2300 quidem
1099 2216 1254 2280 Alcmena
1282 2215 1370 2277 Ielae

196 2320 299 2405 nurui,
325 2321 403 2384 hanc
431 2328 535 2384 autem
564 2323 631 2385 Iole
655 2320 827 2385 Alcmenae
854 2331 970 2386 narret.
1016 2323 1123 2406 Atque
1147 2322 1206 2385 hae
1231 2321 1370 2402 fabulae,

197 2446 277 2509 quae
301 2427 450 2490 Herculis
474 2411 523 2491 res
547 2429 634 2491 nulle
659 2436 748 2514 pacto
772 2431 966 2515 contingunt,
991 2432 1126 2493 insertae
1150 2437 1237 2512 sunt,
1267 2436 1298 2491 et
1329 2450 1368 2491 ne

195 2535 282 2619 ipsae
313 2533 441 2618 quidem
477 2536 557 2598 inter
590 2557 623 2598 se
657 2537 834 2619 cohaerent,
871 2558 941 2600 cum
976 2557 1042 2600 sue
1076 2536 1204 2599 Marte
1238 2534 1370 2598 Ovidius

194 2640 370 2726 Dryopem,
399 2642 487 2706 cuius
519 2641 661 2705 fabulam
688 2644 820 2728 prefert,
851 2643 939 2707 lelae
964 2664 1112 2726 sororem,
1136 2643 1250 2729 Euryti
1274 2643 1369 2705 filiam

196 2747 294 2812 fuisse
317 2749 453 2812 finxerit.
491 2751 603 2834 Itaque
633 2772 695 2835 qna
726 2753 846 2815 ratione
871 2753 1036 2814 transitum
1059 2749 1118 2812 sibi
1143 2752 1371 2834 comparaverit

195 2852 328 2919 Ovidius
353 2857 392 2919 ab
415 2856 564 2920 Herculis
589 2858 629 2921 ad
653 2857 853 2922 Galanthidis
878 2858 1019 2921 fabulam
1044 2859 1269 2921 examinemus.

302 2962 427 3026 Inducit
451 2965 544 3047 enim,
569 2975 603 3027 ut
626 2973 694 3028 arto
718 2985 768 3027 res
788 2966 870 3027 inter
893 2985 926 3027 se
941 2965 1066 3027 vinculo
1083 2965 1266 3027 coniunctae
1280 2963 1368 3026 vide-

194 3077 296 3150 antur,
312 3071 412 3154 ipsam
426 3070 573 3134 Herculis
587 3078 719 3134 matrem
734 3071 920 3134 Alcmenam
935 3071 1022 3134 lelae
1036 3076 1151 3134 sertem
1166 3069 1366 3133 Galanthidis

194 3181 388 3260 narrantem3
413 3177 514 3241 lolam
538 3179 621 3240 enim
644 3180 700 3240 illa
722 3178 826 3262 habet,
851 3185 887 3241 ut
911 3177 986 3242 dicit
1009 3176 1142 3241 Ovidius
1167 3177 1244 3258 (276
1258 3178 1324 3260 ss),

509 3292 656 3370 ,questus
680 3287 733 3349 ubi
758 3292 854 3371 ponat
877 3286 987 3371 aniles,

301 3392 350 3454 eui
374 3393 491 3454 referat
514 3394 579 3456 nati
604 3399 732 3456 testatos
757 3393 832 3457 erbe
859 3392 995 3456 labores.

301 3500 391 3561 cuive
415 3520 486 3562 sues
510 3500 627 3583 easus,“

195 3611 225 3667 et
249 3605 336 3668 addit
358 3614 451 3690 poeta
467 3605 602 3690 Hyllum
623 3629 664 3670 er
686 3610 784 3692 patris
800 3606 961 3671 voluntate
976 3607 1077 3669 lolam
1092 3627 1225 3670 uxerem
1240 3606 1368 3670 duxisse

195 3712 247 3794 (cl.
264 3711 348 3797 Apd.
364 3712 411 3796 Il,
438 3714 515 3796 1593
541 3713 948 3798 Seph.Traeh.l219ss.).
971 3714 1016 3777 At
1040 3715 1087 3777 his
1112 3735 1211 3798 pauca
1236 3714 1274 3777 de
1300 3714 1368 3777 He-

194 3819 363 3883 raclidibus
394 3821 433 3884 ab
457 3819 636 3906 Eurystheo
667 3823 790 3884 venatis
821 3822 983 3906 praemisit
1014 3822 1053 3883 27
1059 3822 1078 3884 3
1111 3844 1162 3902 ss,
1194 3841 1275 3904 quae
1306 3841 1369 3904 qua

193 3927 313 3991 ratione
338 3927 377 3990 ad
394 3928 560 3990 transitum
575 3929 752 4013 pertineant
768 3948 830 3990 nen
847 3928 1043 4013 perspicitur.
1070 3927 1134 3990 Dur
1157 3929 1253 4011 igitur
1277 3927 1367 4010 qnasi

300 4068 322 4135 3)
342 4067 508 4122 Galanthidis
526 4068 642 4121 fabulam
661 4084 694 4122 ex
713 4069 841 4122 Nicandri
862 4071 925 4132 ἑτερ.
946 4069 962 4120 l.
982 4068 1020 4121 IV
1039 4067 1084 4135 (cl.
1100 4071 1197 4121 Anten.
1212 4068 1299 4120 Liber.
1320 4068 1366 4135 29)

192 4155 299 4210 fluxisse
319 4157 434 4210 ostendit
454 4157 554 4210 Plaehn
576 4160 591 4209 Ι.
606 4160 622 4210 l.
637 4177 661 4227 p.
676 4161 718 4211 37.

300 4245 322 4312 ⁴)
342 4246 435 4300 Ovidis
455 4247 482 4299 in
496 4248 618 4315 Dryepac
637 4247 726 4300 fabula
745 4245 875 4300 rrarranda
893 4247 1031 4299 obversata
1050 4263 1107 4299 esse
1122 4245 1225 4300 videtur
1238 4245 1367 4298 Nicandri

193 4337 308 4389 narratio
328 4333 372 4403 (cf.
387 4338 449 4387 Ant.
463 4337 520 4389 Lib.
536 4337 596 4404 32);
616 4339 751 4404 utriusque
771 4339 840 4389 enim
860 4338 965 4388 nemina
984 4343 1088 4404 praeter
1112 4352 1151 4402 ea,
1170 4351 1237 4403 quae
1259 4334 1368 4387 Ovidius

193 4428 249 4493 ipse
269 4426 365 4490 attulit,
380 4423 471 4477 eadem
483 4432 552 4491 sunt,
572 4441 657 4492 neque
671 4427 804 4494 Apollinis
823 4442 886 4493 erga
900 4426 1033 4493 Dryopem
1047 4441 1120 4477 amer
1140 4439 1223 4489 neque
1237 4424 1368 4492 nymphae

193 4515 264 4587 apud
284 4513 406 4570 Ovidium
427 4514 620 4569 desiderantur.
