3350 5184
666 411 884 472 „25-

189 608 330 672 Thebani
353 628 442 671 senes
466 617 560 694 atque
585 610 713 671 iuvenes
737 606 938 686 bacchentur,
963 607 1006 668 ita
1029 616 1064 669 ut
1086 605 1215 670 Thebae
1230 627 1248 667 a
1264 626 1362 690 puero

189 715 296 800 aliquo
332 715 511 779 effeminato
548 717 615 778 sine
649 717 780 778 vulnere
813 723 908 799 atquc
942 714 1008 776 acic
1042 720 1152 798 captae
1185 713 1360 778 videantur.

189 822 272 885 Suus
302 823 398 907 igitur
425 821 557 886 Ovidius
588 833 634 885 est
663 823 695 885 in
718 823 755 884 iis
780 842 861 906 quac
884 820 1026 883 Pentheo
1056 820 1175 902 tribuit,
1206 842 1264 883 noc
1294 840 1360 883 non

189 930 380 1014 excogitavit
396 931 461 1014 ipso
478 937 558 992 totas
575 929 700 992 Thebas
715 927 840 990 Baccho
857 949 944 990 sacra
963 948 1161 1011 comparasse
1177 928 1229 1007 (cf.
1245 950 1276 1012 p.
1294 927 1360 1008 23).

189 1037 322 1098 Prorsus
350 1042 455 1099 autem
484 1038 671 1121 perspicitur
695 1034 801 1099 Ovidii
833 1034 1038 1119 consponendi
1068 1036 1148 1097 ratio
1171 1034 1230 1096 hac
1253 1056 1294 1096 ex
1316 1055 1360 1096 re.

189 1143 369 1206 Secundum
393 1145 476 1206 onim
500 1144 661 1206 Nasonem
684 1143 818 1206 Acoetes
843 1143 892 1203 vel
921 1142 1088 1226 Dionysus,
1099 1140 1125 1223 8)
1148 1163 1218 1203 cum
1242 1141 1362 1202 aPen·

189 1250 260 1312 theo
284 1252 485 1313 altercatione
515 1251 603 1314 finita
627 1252 658 1312 in
682 1252 809 1314 vincula
840 1249 997 1312 coniectus
1021 1259 1112 1330 esset,
1136 1249 1203 1333 ipse
1227 1270 1260 1310 se
1284 1248 1361 1311 lihe-

188 1357 271 1420 ravit
294 1357 372 1438 (699
393 1357 448 1439 s.):

353 1471 482 1549 „sponte
506 1485 563 1527 sua
586 1467 723 1550 patuisse
747 1463 832 1526 fores
857 1466 1023 1549 lapsasque
1047 1463 1171 1525 lacertis

350 1580 461 1654 sponte
486 1593 542 1634 sua
566 1572 652 1634 fama
675 1577 723 1635 001
745 1572 833 1633 nullo
858 1572 998 1634 solvente
1022 1571 1178 1633 catenas.“

188 1676 227 1739 ld
252 1677 334 1761 quod
365 1676 534 1762 Euripides
566 1700 628 1741 non
658 1677 698 1740 dc
725 1678 861 1758 Baccho,
895 1677 950 1739 scd
974 1677 1013 1740 de
1043 1678 1110 1740 0100
1140 1676 1306 1739 comitibus
1330 1677 1362 1737 in

187 1784 314 1846 vincula
338 1784 418 1848 datis
442 1792 549 1848 narrat
573 1785 700 1865 (Bacch.
716 1786 778 1847 447
796 1786 868 1867 sal:

353 1891 531 1976 „cardinato
556 1891 700 1960 d'aoruic·
722 1892 821 1978 decad
845 1891 974 1979 διελύθη
998 1892 1113 1966 πεδῶν,

348 1997 464 2084 κλῇδές
485 1999 632 2086 &liupana
655 1999 790 2086 θύρετρ’
810 2003 887 2062 ἄνευ
909 2000 1033 2087 θνητῆς
1054 1999 1179 2085 χερός,“

294 2105 456 2168 Nasonem
491 2109 586 2192 igitur
621 2108 825 2172 ruanifestum
860 2116 907 2170 est
942 2107 1019 2171 duos
1055 2109 1138 2170 locos
1172 2106 1359 2170 confudisse.

188 2211 282 2275 Unde
311 2219 415 2275 autem
445 2215 637 2278 confusionis
667 2236 760 2278 causa
790 2214 963 2300 repetenda
986 2223 1034 2277 est
1057 2217 1115 2276 nisi
1140 2235 1181 2276 cx
1204 2235 1252 2295 eo,
1277 2213 1361 2298 quod

188 2318 320 2382 Ovidius
345 2321 445 2403 ipsam
469 2322 664 2405 tragoediam
688 2343 751 2384 non
776 2324 925 2407 inspexit,
956 2321 1011 2385 sed
1034 2322 1214 2384 memoriter
1237 2321 1360 2406 mytho-

188 2429 307 2512 graphi-
326 2430 423 2493 verba
447 2429 602 2492 coloribus
627 2429 808 2513 Euripidcis
832 2427 1059 2511 exornavit?⁹)

294 2537 343 2599 lle
359 2535 643 2622 Tyrrhenorum
661 2537 771 2599 fabula
786 2534 945 2600 Ovidiana
959 2536 995 2599 Ο.
1010 2535 1141 2599 Cresius
1159 2535 1239 2615 (Der
1254 2534 1360 2598 horne-

188 2642 287 2705 rische
311 2643 615 2729 Dionysoshymuus.
641 2644 755 2707 Philol.
773 2645 833 2708 vol.
853 2646 895 2705 48
921 2643 1046 2725 118891,
1070 2665 1100 2727 p.
1119 2643 1183 2704 220
1200 2644 1254 2725 ss.)
1279 2642 1360 2705 iudi·

187 2751 269 2812 cavit
299 2749 449 2814 Ovidium
485 2752 639 2814 imitatum
675 2773 742 2815 osse
778 2772 905 2814 carmen
937 2749 1066 2836 aliquod
1096 2750 1359 2829 Alexandrinum,

187 2857 274 2919 cuius
298 2867 519 2942 argumentum
543 2859 693 2944 Hyginus
717 2858 753 2938 (l.
773 2859 850 2940 134)
874 2857 963 2921 nobis
987 2859 1170 2921 seruaverit.

294 2964 356 3028 Sed
371 2985 434 3027 non
450 2986 547 3029 unum
563 2967 744 3050 exemplum
760 2965 909 3029 Ovidium
924 2972 1064 3026 secutum
1081 2984 1159 3045 esse,
1174 2965 1268 3027 immo
1286 2986 1359 3028 vero

186 3069 244 3132 hac
268 3072 362 3134 etiam
387 3074 418 3134 in
442 3053 620 3136 narratione
647 3074 748 3136 varias
773 3094 843 3135 cum
870 3072 994 3135 fabulas
1018 3072 1245 3134 contaminasse
1269 3072 1359 3135 valde

187 3178 334 3262 suspicor.
382 3179 536 3241 Accurate
565 3180 648 3241 onim
675 3180 820 3264 perlectis
844 3178 987 3241 versibus
1010 3185 1083 3240 mot.
1101 3177 1156 3240 [ll
1181 3180 1352 3240 597-691

185 3283 269 3346 haud
293 3284 409 3370 ubique
434 3287 645 3348 narrationem
668 3287 864 3370 perspicuam
888 3307 956 3347 csso
979 3284 1219 3348 animadvertes.

162 3386 164 3390 ’
292 3391 430 3454 Puerum
455 3395 619 3456 inveniunt
636 3392 779 3476 „desorto
800 3393 946 3476 100300ιι
967 3394 1087 3476 piratae
1111 3393 1277 3477 pulchrum
1291 3395 1355 3456 cul-

186 3507 282 3582 tuque
298 3500 453 3582 insignem
470 3506 563 3585 atque
588 3510 622 3563 ut
637 3499 787 3585 praedam
806 3520 909 3580 „mero
933 3520 1104 3584 somnoque
1119 3502 1267 3583 1000010ιι
1286 3522 1356 3563 cum

292 3675 314 3743 ⁸)
333 3677 401 3729 Nam
425 3678 552 3729 Acoetanr
579 3679 663 3744 ipsum
683 3675 760 3728 deum
780 3693 835 3729 esse
855 3677 1016 3743 significatur
1036 3695 1058 3728 v.
1078 3680 1129 3729 650
1149 3693 1178 3729 s..
1218 3678 1249 3729 V.
1269 3679 1360 3745 Haupt

185 3763 219 3816 ad
239 3782 261 3815 ν.
282 3767 341 3817 658.
1035 3810 1037 3813 ,

291 3854 314 3920 ⁹)
334 3853 456 3906 Ovidium
476 3855 584 3906 Pacuvii
605 3855 750 3907 Pentheum
770 3863 888 3908 secutum
909 3872 964 3909 esse
981 3859 1084 3922 latitavit
1104 3856 1133 3908 Ο.
1148 3855 1274 3920 Ribbeck,
1294 3863 1357 3907 raim.

186 3943 263 4009 Trag.
276 3959 302 4010 p.
317 3946 377 4008 280,
396 3943 497 3996 scholio
518 3945 584 3994 Aen.
599 3944 635 3995 IV
657 3948 708 3996 lo'il
728 3946 807 3997 nisus.
829 3944 1005 3997 Scholiastam
1024 3953 1113 3997 ritatem
1133 3961 1184 3997 non
1205 3947 1290 4012 ipsum
1310 3946 1358 3997 Pa-

185 4032 311 4083 cuvianae
340 4031 492 4098 tragoediae
521 4040 704 4100 argumentum
733 4034 830 4085 referre
859 4034 982 4097 voluisse,
1011 4033 1057 4085 sed
1084 4034 1195 4086 Penthei
1221 4034 1359 4085 historiam

186 4122 274 4172 000010
293 4135 344 4185 quo
365 4137 396 4172 ex
416 4121 482 4173 libro
501 4121 613 4174 fabulari
632 4107 742 4190 petitam
769 4121 802 4174 ad
829 4124 914 4190 ipsum
941 4122 1068 4175 scholium
1095 4122 1259 4187 edomuisse,
1279 4123 1359 4174 verba

185 4210 241 4260 cius
260 4208 402 4262 ostendunt
425 4212 459 4276 (v.
484 4209 622 4263 formulam
648 4214 672 4262 in
700 4213 807 4265 scholiis
833 4211 867 4263 ad
886 4213 953 4263 Aen.
967 4213 1119 4278 saepissime
1143 4218 1286 4278 repertam:
1309 4211 1357 4276 „de

185 4314 236 4364 quo
256 4298 322 4366 (scil.
337 4297 468 4366 Pentheo)
496 4299 585 4352 l'abula
608 4301 670 4352 talis
694 4302 770 4368 cst“).
808 4303 849 4352 Ac
874 4316 965 4353 revera
985 4299 1100 4352 fabulam
1120 4301 1191 4352 illam
1211 4316 1244 4350 ex
1264 4299 1357 4351 Ouidio

184 4386 290 4440 fluxisse
310 4386 504 4442 demonstratur
529 4389 579 4441 hae
605 4391 747 4456 praecipue
774 4407 810 4453 re,
837 4388 908 4456 quod
933 4390 1075 4441 scholiasta
1098 4406 1156 4441 eam
1180 4387 1212 4440 de
1232 4403 1284 4452 qua
1303 4386 1357 4438 dixi

186 4475 274 4531 Ovidii
293 4476 475 4531 confusionem
495 4480 559 4547 ipsis
577 4479 631 4532 tero
653 4481 766 4549 exempli
785 4479 871 4532 verbis
891 4495 952 4530 0000
971 4480 1074 4545 repetit.
