3350 5184
671 383 888 450 „45-

195 585 327 672 potitum
356 607 439 669 esse,
471 583 589 649 bellum
621 591 727 648 autem
750 583 865 648 Minois
897 585 1040 669 neglecta
1066 579 1368 672 mythographorum

195 697 389 777 auctoritate,
420 701 454 757 ut
483 691 676 756 commodius
705 692 901 755 narrationes
937 711 1010 754 suas
1046 689 1085 752 10
1115 688 1368 776 Myrmidonibus

197 801 343 865 Procride
367 800 507 886 Cephalo
533 799 670 880 inducat,
695 806 766 884 post
789 798 904 861 Thesei
929 797 1057 862 demum
1079 797 1221 861 Athenas
1251 797 1369 861 adven·

196 918 260 970 tum
284 908 385 972 affert.

302 1014 480 1095 Quaeritur,
496 1013 572 1098 quid
587 1013 720 1078 Ovidius
735 1011 775 1074 10
792 1011 923 1098 Scylla
944 1012 1013 1074 Nisi
1028 1012 1094 1075 lilia
1107 1011 1209 1092 (VIII
1223 1011 1369 1092 0-151)

196 1143 236 1184 ex
259 1119 443 1206 compendio
467 1120 587 1184 discere
612 1121 756 1205 potuerit.
788 1119 908 1182 Eadem
931 1125 1013 1182 eerte
1037 1139 1100 1203 qua
1123 1120 1156 1181 in
1178 1117 1368 1182 bibliotheca

196 1227 265 1308 (111
290 1228 353 1292 210
382 1228 421 1309 s.)
446 1226 519 1290 sede
549 1224 690 1290 fabulam
719 1226 833 1312 legisse
866 1225 1014 1289 (tridium
1044 1247 1140 1311 supra
1167 1225 1369 1289 ostendimus.

199 1334 332 1419 Singula
355 1342 461 1397 autem
491 1335 516 1395 si
547 1340 731 1418 spectamus,
756 1332 839 1396 idem
870 1344 917 1395 est
945 1332 1030 1418 apud
1053 1341 1221 1417 utrumque
1246 1332 1371 1417 Scyllae

197 1442 323 1524 crimen,
359 1449 390 1504 et
423 1460 461 1503 ca
500 1462 580 1526 quae
620 1440 659 1503 de
698 1461 799 1525 poena
837 1438 1051 1525 Apollodorus
1084 1439 1161 1503 dicit
1190 1438 1260 1520 (ΙΙΙ
1291 1438 1370 1519 211)

201 1546 331 1626 ,Μίνως
363 1548 399 1611 δὲ
517 1546 573 1632 τὴν
606 1546 701 1633 κόρην
734 1549 792 1632 τῆ
825 1545 970 1633 00100οτ
1000 1553 1065 1609 τῶν
1097 1546 1202 1608 sedric
1236 1545 1373 1631 ἐκδήσαῖ

199 1653 392 1740 ὑποβρύχεον
417 1653 575 1741 ἐποίησέ,
600 1652 732 1720 Ovidius
756 1654 804 1717 his
828 1653 984 1738 significat
1010 1654 1069 1717 141
1096 1676 1136 1717 s:

575 1762 817 1846 ,puppimque
841 1761 990 1844 amplexa
1012 1781 1176 1825 recurram

357 1890 424 1953 per
447 1868 548 1931 freta
573 1869 684 1952 longa
708 1867 855 1931 trahar“

200 1981 230 2038 et
256 1975 336 2038 144:
367 1974 678 2059 „Gnosiacaeque
701 1974 833 2038 haeret
935 1975 1117 2038 carinae.“

305 2082 585 2187 Metamqphotyim
609 2081 745 2166 quidem,
771 2102 852 2166 quae
876 2080 961 2167 apud
979 2080 1209 2168 Apollodorum
1233 2079 1372 2144 nondum

199 2197 311 2271 exstat,
337 2185 485 2253 Ovidium
510 2211 551 2252 ex
575 2189 636 2251 alio
662 2188 748 2252 fonte
772 2187 930 2252 addidisse
954 2196 1095 2274 apparet.
1108 2185 1146 2271 16)

307 2296 382 2358 Veri
413 2295 510 2379 igitur
540 2296 734 2358 simillimum
766 2295 843 2358 mihi
874 2317 942 2358 esse
973 2293 1098 2359 videtur
1128 2294 1187 2358 hac
1216 2298 1310 2358 etiam
1341 2296 1373 2358 in

201 2402 310 2465 fabula
340 2401 499 2465 narranda
536 2400 685 2466 Ovidium
722 2423 768 2484 ea,
807 2422 887 2486 quae
924 2402 1143 2487 compendium
1182 2399 1372 2486 praebuerit,

201 2506 370 2571 luminibus
396 2509 490 2573 variis
515 2528 556 2571 ex
580 2507 719 2572 fontibus
743 2507 936 2593 depromptis
959 2528 1140 2572 exornasse.

307 2616 395 2689 Quae
419 2615 457 2678 10
472 2615 650 2679 Minotauro
673 2615 777 2698 (155),
802 2615 983 2701 labyrintho
997 2637 1016 2678 a
1030 2615 1173 2678 Daedalo
1197 2623 1371 2679 constructe

201 2722 414 2805 (159—168),
451 2722 567 2786 tribute
613 2720 861 2786 Atheniensibus
907 2744 926 2784 a
963 2722 1069 2786 Minoe
1115 2724 1259 2807 imposito
1296 2721 1374 2802 (110

205 2829 340 2911 „Actaeo
369 2830 418 2893 bis
448 2837 572 2915 pastum
604 2831 756 2914 sanguine
787 2831 996 2912 monstrun1“)
1027 2829 1160 2893 Ovidius
1191 2829 1295 2910 habet,
1330 2829 1374 2891 ita

200 2944 379 3023 comparata
403 2945 484 3019 suut,
509 2942 543 2999 ut
566 2942 690 3021 poetam
714 2938 803 3000 tritas
827 2958 877 2999 ros
900 2937 1044 3021 proferre
1067 2943 1210 3021 apertum
1234 2938 1283 2998 sit.
1316 2935 1373 3000 At-

202 3053 306 3107 tamen
333 3044 463 3129 protulit
491 3063 554 3125 eas,
582 3053 618 3105 ut
645 3064 683 3105 ea
710 3042 837 3106 afferret
868 3065 959 3127 quae,
983 3063 1053 3106 cum
1076 3043 1215 3107 Minoem
1240 3042 1375 3123 induxit,

202 3152 359 3232 omiserat,
384 3172 484 3236 neque
509 3152 601 3213 aliter
624 3147 749 3212 fabulas
779 3151 860 3213 inter
884 3172 917 3213 se
941 3151 1104 3214 coniunxit
1127 3157 1221 3234 atque
1245 3150 1376 3236 Apollo-

202 3257 296 3320 dorus
320 3258 390 3338 (ΙΙΙ
414 3258 614 3339 ars-215).

309 3365 348 3427 ln
372 3366 409 3426 iis
434 3384 519 3446 vcro,
543 3385 625 3449 quae
639 3365 782 3449 proxime
798 3373 981 3448 sequuntur,
1006 3363 1128 3427 reducit
1152 3364 1279 3428 tandem
1293 3363 1375 3428 The-

202 3491 302 3552 seum,
325 3491 419 3554 quem
442 3471 510 3534 l'll
535 3471 598 3533 452
623 3470 749 3552 dimisit,
775 3477 805 3534 et
829 3469 940 3534 eadem
956 3478 1050 3555 atquc
1066 3473 1098 3533 in
1113 3469 1375 3555 praecedentibus

204 3577 346 3642 versibus
371 3578 622 3662 breviloquentia
638 3599 767 3641 narrare
781 3581 895 3663 pergit,
915 3578 1042 3641 heroem
1057 3598 1129 3641 cum
1146 3577 1258 3660 „tertia
1270 3578 1372 3643 sorte“

203 3685 297 3768 (1713
320 3683 405 3770 Apd.
426 3685 512 3770 ep.I
542 3687 558 3746 1
590 3683 657 3767 ,rel
682 3684 731 3752 ei:
752 3686 806 3747 rou
830 3683 934 3770 τρίτον
964 3684 1082 3769 δασμὸν
1110 3681 1159 3768 τῷ
1187 3682 1377 3771 ,11000001οῳ

204 3841 315 3896 Studien
334 3843 361 3911 I;
386 3844 466 3897 Nisos
488 3843 542 3898 und
567 3842 697 3912 Skylla“).
722 3841 821 3896 Contra
840 3858 899 3895 eum
918 3843 988 3897 bello
1008 3845 1107 3896 Minois
1124 3842 1250 3897 adversus
1268 3843 1379 3896 Atheni·

204 3947 279 3986 enses
292 3930 407 3985 fabulam
421 3934 585 4001 coniungunt
604 3930 713 3985 Ovidius
727 3937 753 3984 et
766 3931 954 4000 Apollodorus,
966 3931 1038 4000 apud
1051 3947 1128 3997 quem
1140 3933 1221 3986 Nisus
1234 3931 1379 3985 Pandionis

203 4020 274 4074 filius
293 4027 341 4074 est.

313 4109 345 4179 16)
364 4110 394 4162 10
409 4110 511 4180 Scyllae
531 4109 620 4163 fabula
634 4109 763 4165 Ovidiaua
775 4112 856 4164 trium
874 4116 1012 4178 poetarum
1032 4111 1195 4164 narrationes
1207 4110 1377 4164 subsimilltas

203 4198 383 4267 disputatione
409 4198 530 4252 distinxit
556 4199 588 4252 G.
609 4201 719 4254 Knaack
745 4201 774 4269 (1.
794 4200 810 4252 1.
829 4218 857 4269 p.
876 4203 929 4253 225
948 4200 995 4268 s.);
1022 4198 1196 4253 Parthenium
1222 4197 1268 4266 (01.
1289 4199 1378 4253 Schcl.

205 4289 283 4342 Dion.
303 4287 363 4341 Per.
383 4289 446 4356 420)
465 4288 499 4342 ab
519 4288 613 4342 Ovidie
632 4288 780 4342 adhibitum
799 4305 855 4342 esse
880 4288 945 4342 dicit
968 4289 995 4340 in
1019 4289 1077 4357 ipsa
1093 4292 1280 4355 μεταμορφώσει
1302 4304 1379 4342 exco-

204 4376 290 4431 lenda.
313 4380 347 4430 At
366 4383 436 4430 recte
449 4375 515 4431 duas
525 4381 728 4444 μεταμορφώσεις
742 4376 858 4432 diversas
871 4379 1004 4431 Nasonem
1017 4378 1208 4431 contaminasse
1221 4379 1314 4430 statuit
1326 4379 1379 4432 iam

206 4469 236 4522 0.
249 4467 350 4521 Plaehn
371 4467 399 4536 (1.
419 4467 436 4519 l.
455 4484 481 4535 p.
503 4468 557 4537 49).
